@misc{NDCC_2021_22,
author = {NDCC:61-32},
title = {North Dakota?s Century Code},
date = {2021},
howpublished = {NDCC Chapter 61, Section 32: I am guessing here --- Laws and permitting processes regarding drainage and its resultant effluent. Technical report}
}

@book{committee_on_future_water_resource_needs_for_the_nation_water_science_and_research_at_the_us_geological_survey_future_2018,
	location = {Washington, D.C.},
	title = {Future Water Priorities for the Nation: Directions for the U.S. Geological Survey Water Mission Area},
	isbn = {978-0-309-47709-3},
	url = {https://www.nap.edu/catalog/25134},
	shorttitle = {Future Water Priorities for the Nation},
	publisher = {National Academies Press},
	author = {{Committee on Future Water Resource Needs for the Nation: Water Science and Research at the U.S. Geological Survey} and {Water Science and Technology Board} and {Division on Earth and Life Studies} and {National Academies of Sciences, Engineering, and Medicine}},
	urldate = {2021-09-02},
	date = {2018-11-30},
	doi = {10.17226/25134},
	note = {Pages: 25134},
}

@article{whalley_measurement_2013,
	title = {Measurement of the matric potential of soil water in the rhizosphere},
	volume = {64},
	issn = {0022-0957},
	url = {https://doi.org/10.1093/jxb/ert044},
	doi = {10.1093/jxb/ert044},
	pages = {3951--3963},
	number = {13},
	journal = {J. Exp. Botany},
	shortjournal = {Journal of Experimental Botany},
	author = {Whalley, W.R. and Ober, E.S. and Jenkins, M.},
	urldate = {2021-09-02},
	date = {2013-10-01},
	file = {Full Text PDF:C\:\\Users\\emily\\Zotero\\storage\\FHFYM26N\\Whalley et al. - 2013 - Measurement of the matric potential of soil water .pdf:application/pdf;Snapshot:C\:\\Users\\emily\\Zotero\\storage\\PCWEAC5D\\436040.html:text/html},
}

@article{eyolfson_science_2020,
	title = {Science Standards Review and Revision Committee},
	pages = {67},
	author = {Eyolfson, John and Warren, Charles R and Dennstedt, Sherri K and {DeVore}-Wedding, Beverly and Graham, Scott and Hanson, Amy Jo and Iona, Steven and Kinion, Tabbi and Parks, Colorado and Kolbet, Catherine and Lindauer, Kevin L and Mosier, Cheryl and Nall, Kathy and Noffsinger, Jessica},
	date = {2020},
	langid = {english},
	file = {Eyolfson et al. - 2020 - Science Standards Review and Revision Committee.pdf:C\:\\Users\\emily\\Zotero\\storage\\TCZDQ487\\Eyolfson et al. - 2020 - Science Standards Review and Revision Committee.pdf:application/pdf},
}

@article{mares2016examining,
  title={Examining diel patterns of soil and xylem moisture using electrical resistivity imaging},
  author={Mares, Rachel and Barnard, Holly R and Mao, Deqiang and Revil, Andr{\'e} and Singha, Kamini},
  journal={J. Hydrol.},
  volume={536},
  pages={327--338},
  year={2016},
  publisher={Elsevier}
}

@book{driscoll_groundwater_1986,
	location = {St. Paul, Minn},
	edition = {2nd ed},
	title = {Groundwater and wells},
	isbn = {978-0-9616456-0-1},
	pagetotal = {1089},
	publisher = {Johnson Division},
	author = {Driscoll, Fletcher G.},
	date = {1986},
	keywords = {Groundwater, Wells},
}

@article{vanella_electrical_2021,
	title = {Electrical resistivity imaging for monitoring soil water motion patterns under different drip irrigation scenarios},
	volume = {39},
	issn = {0342-7188, 1432-1319},
	url = {http://link.springer.com/10.1007/s00271-020-00699-8},
	doi = {10.1007/s00271-020-00699-8},
	pages = {145--157},
	number = {1},
	journal = {Irrig. Sci.},
	shortjournal = {Irrig Sci},
	author = {Vanella, Daniela and Ram{\'i}rez-Cuesta, Juan Miguel and Sacco, Alessandro and Longo-Minnolo, Giuseppe and Cirelli, Giuseppe Luigi and Consoli, Simona},
	urldate = {2021-09-16},
	date = {2021-01},
	langid = {english},
	file = {Vanella et al. - 2021 - Electrical resistivity imaging for monitoring soil.pdf:C\:\\Users\\emily\\Zotero\\storage\\QK6XKD2C\\Vanella et al. - 2021 - Electrical resistivity imaging for monitoring soil.pdf:application/pdf},
}

@article{vanella_use_2018,
	title = {Use of small scale electrical resistivity tomography to identify soil-root interactions during deficit irrigation},
	volume = {556},
	issn = {0022-1694},
	url = {https://www.sciencedirect.com/science/article/pii/S0022169417307904},
	doi = {10.1016/j.jhydrol.2017.11.025},
	pages = {310--324},
	journal = {J. Hydrol.},
	shortjournal = {Journal of Hydrol.},
	author = {Vanella, D. and Cassiani, G. and Busato, L. and Boaga, J. and Barbagallo, S. and Binley, A. and Consoli, S.},
	urldate = {2021-09-16},
	date = {2018-01-01},
	langid = {english},
	keywords = {Deficit irrigation, Geophysical methods, Soil moisture, Soil-root interactions},
	file = {ScienceDirect Full Text PDF:C\:\\Users\\emily\\Zotero\\storage\\58NV42FK\\Vanella et al. - 2018 - Use of small scale electrical resistivity tomograp.pdf:application/pdf},
}

@article{vanella_electrical_2021-1,
	title = {Electrical resistivity imaging for monitoring soil water motion patterns under different drip irrigation scenarios},
	volume = {39},
	issn = {0342-7188, 1432-1319},
	url = {https://link.springer.com/10.1007/s00271-020-00699-8},
	doi = {10.1007/s00271-020-00699-8},
	pages = {145--157},
	number = {1},
	journal = {Irrig. Sci.},
	shortjournal = {Irrig Sci},
	author = {Vanella, Daniela and Ram\'irez-Cuesta, Juan Miguel and Sacco, Alessandro and Longo-Minnolo, Giuseppe and Cirelli, Giuseppe Luigi and Consoli, Simona},
	urldate = {2021-10-19},
	date = {2021-01},
	langid = {english},
	file = {Vanella et al. - 2021 - Electrical resistivity imaging for monitoring soil.pdf:C\:\\Users\\emily\\Zotero\\storage\\8XRAUDX5\\Vanella et al. - 2021 - Electrical resistivity imaging for monitoring soil.pdf:application/pdf},
}

@article{pearce_intra-annual_2016,
	title = {Intra-annual variation of the association between agricultural best management practices and stream nutrient concentrations {\textbar} Elsevier Enhanced Reader},
	volume = {586},
	url = {https://reader.elsevier.com/reader/sd/pii/S0048969717303509?token=EE5B615D0EF604DDCCB62101F158A22D4877B9DD62162487136CCC7A5853781243105714B9E3C33C16601FFC70F52E4E&originRegion=us-east-1&originCreation=20211212035636},
	doi = {10.1016/j.scitotenv.2017.02.102},
	pages = {1124--1134},
	journal = {Sci. Total Environ.},
	author = {Pearce, Nolan J.T. and Yates, Adam G.},
	urldate = {2021-12-12},
	date = {2016-12-06},
	langid = {english},
	file = {Pearce and Yates - 2016 - Intra-annual variation of the association between .pdf:C\:\\Users\\emily\\Zotero\\storage\\CN2W6KVJ\\Pearce and Yates - 2016 - Intra-annual variation of the association between .pdf:application/pdf;Snapshot:C\:\\Users\\emily\\Zotero\\storage\\JA5XJSD7\\S0048969717303509.html:text/html},
}

@article{carrillo_unstable_2000,
	title = {Unstable Water Flow in a Layered Soil I. Effects of a Stable Water-Repellent Layer},
	volume = {64},
	issn = {03615995},
	url = {http://doi.wiley.com/10.2136/sssaj2000.642450x},
	doi = {10.2136/sssaj2000.642450x},
	pages = {450--455},
	number = {2},
	journal = {Soil Sci. Soc. America J.},
	shortjournal = {Soil Sci. Soc. Am. J.},
	author = {Carrillo, M. L. K. and Letey, J. and Yates, S. R.},
	urldate = {2022-01-05},
	date = {2000-03},
	langid = {english},
	file = {Carrillo et al. - 2000 - Unstable Water Flow in a Layered Soil I. Effects o.pdf:C\:\\Users\\emily\\Zotero\\storage\\6EZEJP9J\\Carrillo et al. - 2000 - Unstable Water Flow in a Layered Soil I. Effects o.pdf:application/pdf},
}

@article{koganti_mapping_2020,
	title = {Mapping of Agricultural Subsurface Drainage Systems Using a Frequency-Domain Ground Penetrating Radar and Evaluating Its Performance Using a Single-Frequency Multi-Receiver Electromagnetic Induction Instrument},
	volume = {20},
	rights = {http://creativecommons.org/licenses/by/3.0/},
	url = {https://www.mdpi.com/1424-8220/20/14/3922},
	doi = {10.3390/s20143922},
	pages = {3922},
	number = {14},
	journal = {Sensors},
	author = {Koganti, Triven and Van De Vijver, Ellen and Allred, Barry J. and Greve, Mogens H. and Ringgaard, J{\o}rgen and Iversen, Bo V.},
	urldate = {2022-01-11},
	date = {2020-01},
	langid = {english},
	note = {Number: 14
Publisher: Multidisciplinary Digital Publishing Institute},
	keywords = {agricultural drainage systems, electromagnetic induction, frequency-domain, ground penetrating radar, inversion, non-destructive techniques, penetration depth},
	file = {Full Text PDF:C\:\\Users\\emily\\Zotero\\storage\\UILLF5N9\\Koganti et al. - 2020 - Mapping of Agricultural Subsurface Drainage System.pdf:application/pdf;Snapshot:C\:\\Users\\emily\\Zotero\\storage\\CUYB8Z6T\\htm.html:text/html},
}

@article{zhu_functional_2013,
	title = {Functional soil mapping for site-specific soil moisture and crop yield management},
	volume = {200-201},
	issn = {00167061},
	url = {https://linkinghub.elsevier.com/retrieve/pii/S001670611300044X},
	doi = {10.1016/j.geoderma.2013.02.001},
	pages = {45--54},
	journal = {Geoderma},
	shortjournal = {Geoderma},
	author = {Zhu, Q. and Lin, H.S. and Doolittle, J.A.},
	urldate = {2022-01-13},
	year = {2013},
	langid = {english},
	file = {Zhu et al. - 2013 - Functional soil mapping for site-specific soil moi.pdf:C\:\\Users\\emily\\Zotero\\storage\\HPH6H33P\\Zhu et al. - 2013 - Functional soil mapping for site-specific soil moi.pdf:application/pdf},
}

@article{slavich_estimating_1990,
	title = {Estimating average rootzone salinity from electromagnetic induction ({EM}-38) measurements},
	volume = {28},
	issn = {1838-675X},
	url = {http://www.publish.csiro.au/?paper=SR9900453},
	doi = {10.1071/SR9900453},
	pages = {453--463},
	number = {3},
	journal = {Australian J. Soil Res.},
	shortjournal = {Aust. J. Soil Res.},
	author = {Slavich, Pg and Petterson, Gh},
	urldate = {2022-01-17},
	year = {1990},
	langid = {english},
	file = {Slavich and Petterson - 1990 - Estimating average rootzone salinity from electrom.pdf:C\:\\Users\\emily\\Zotero\\storage\\RB4B5M6P\\Slavich and Petterson - 1990 - Estimating average rootzone salinity from electrom.pdf:application/pdf},
}

@article{doolittle_estimating_1994,
	title = {Estimating depths to claypans using electromagnetic induction methods},
	volume = {49},
	pages = {572--575},
	number = {6},
	journal = {J. Soil Water Cons.},
	author = {Doolittle, J A and Sudduth, K A and Kitchen, N R and Indorante, S J},
	year = {1994},
	langid = {english},
	file = {Doolittle et al. - 1994 - Estimating depths to claypans using electromagneti.pdf:C\:\\Users\\emily\\Zotero\\storage\\LWWP7QXP\\Doolittle et al. - 1994 - Estimating depths to claypans using electromagneti.pdf:application/pdf},
}

@article{sheets_noninvasive_1995,
	title = {Noninvasive Soil Water Content Measurement Using Electromagnetic Induction},
	volume = {31},
	issn = {00431397},
	url = {http://doi.wiley.com/10.1029/95WR01949},
	doi = {10.1029/95WR01949},
	pages = {2401--2409},
	number = {10},
	journal = {Water Resour. Res.},
	shortjournal = {Water Resour. Res.},
	author = {Sheets, Keith R. and Hendrickx, Jan M. H.},
	urldate = {2022-01-18},
	year = {1995},
	langid = {english},
	file = {Sheets and Hendrickx - 1995 - Noninvasive Soil Water Content Measurement Using E.pdf:C\:\\Users\\emily\\Zotero\\storage\\5TQRTE46\\Sheets and Hendrickx - 1995 - Noninvasive Soil Water Content Measurement Using E.pdf:application/pdf},
}

@article{shaukat_quasi-3d_2022,
	title = {Quasi-3D mapping of soil moisture in agricultural fields using electrical conductivity sensing},
	volume = {259},
	issn = {03783774},
	url = {https://linkinghub.elsevier.com/retrieve/pii/S0378377421005230},
	doi = {10.1016/j.agwat.2021.107246},
	pages = {107246},
	journal = {Agric. Water Mgmt.},
	shortjournal = {Agricultural Water Management},
	author = {Shaukat, Hira and Flower, Ken C. and Leopold, Matthias},
	urldate = {2022-01-24},
	year = {2022},
	langid = {english},
	file = {Shaukat et al. - 2022 - Quasi-3D mapping of soil moisture in agricultural .pdf:C\:\\Users\\emily\\Zotero\\storage\\7VRH2KRI\\Shaukat et al. - 2022 - Quasi-3D mapping of soil moisture in agricultural .pdf:application/pdf},
}

@article{sudduth_accuracy_2001,
	title = {Accuracy issues in electromagnetic induction sensing of soil electrical conductivity for precision agriculture},
	volume = {31},
	issn = {01681699},
	url = {https://linkinghub.elsevier.com/retrieve/pii/S016816990000185X},
	doi = {10.1016/S0168-1699(00)00185-X},
	pages = {239--264},
	number = {3},
	journal = {Computers and Electronics in Agric.},
	shortjournal = {Computers and Electronics in Agriculture},
	author = {Sudduth, K.A. and Drummond, S.T. and Kitchen, N.R.},
	urldate = {2022-01-24},
	year = {2001},
	langid = {english},
	file = {Sudduth et al. - 2001 - Accuracy issues in electromagnetic induction sensi.pdf:C\:\\Users\\emily\\Zotero\\storage\\LHZTQ44W\\Sudduth et al. - 2001 - Accuracy issues in electromagnetic induction sensi.pdf:application/pdf},
}

@article{terry_moisturec_2018,
	title = {{MoisturEC}: A New R Program for Moisture Content Estimation from Electrical Conductivity Data},
	volume = {56},
	issn = {0017467X},
	url = {https://onlinelibrary.wiley.com/doi/10.1111/gwat.12650},
	doi = {10.1111/gwat.12650},
	shorttitle = {{MoisturEC}},
	pages = {823--831},
	number = {5},
	journal = {Groundwater},
	shortjournal = {Groundwater},
	author = {Terry, Neil and Day-Lewis, Frederick D. and Werkema, Dale and Lane, John W.},
	urldate = {2022-01-24},
	date = {2018-09},
	langid = {english}
}

@article{liao2014temporal,
  title={Temporal stability of apparent soil electrical conductivity measured by electromagnetic induction techniques},
  author={Liao, Kai-hua and Zhu, Qing and Doolittle, James},
  journal={J. Mountain Sci.},
  volume={11},
  number={1},
  pages={98--109},
  year={2014},
  publisher={Springer}
}

@article{kavvas_governing_2017,
	title = {Governing equations of transient soil water flow and soil water flux in multi-dimensional fractional anisotropic media and fractional time},
	volume = {21},
	issn = {1607-7938},
	url = {https://hess.copernicus.org/articles/21/1547/2017/},
	doi = {10.5194/hess-21-1547-2017},
	pages = {1547--1557},
	number = {3},
	journal = {Hydrol. and Earth Syst. Sci.},
	shortjournal = {Hydrol. Earth Syst. Sci.},
	author = {Kavvas, M. Levent and Ercan, Ali and Polsinelli, James},
	urldate = {2022-01-31},
	date = {2017-03-13},
	langid = {english},
	file = {Kavvas et al. - 2017 - Governing equations of transient soil water flow a.pdf:C\:\\Users\\emily\\Zotero\\storage\\Y7DEVPEX\\Kavvas et al. - 2017 - Governing equations of transient soil water flow a.pdf:application/pdf},
}

@article{xin_analytical_2016,
	title = {An Analytical Solution for Predicting the Transient Seepage from a Subsurface Drainage System},
	volume = {91},
	issn = {03091708},
	url = {https://linkinghub.elsevier.com/retrieve/pii/S0309170816300562},
	doi = {10.1016/j.advwatres.2016.03.006},
	pages = {1--10},
	journal = {Adv. in Water Resour.},
	shortjournal = {Advances in Water Resources},
	author = {Xin, Pei and Dan, Han-Cheng and Zhou, Tingzhang and Lu, Chunhui and Kong, Jun and Li, Ling},
	urldate = {2022-01-31},
	date = {2016-05},
	langid = {english},
	file = {Xin et al. - 2016 - An analytical solution for predicting the transien.pdf:C\:\\Users\\emily\\Zotero\\storage\\WD37CLHF\\Xin et al. - 2016 - An analytical solution for predicting the transien.pdf:application/pdf},
}

@article{jia_subirrigation_2017,
	title = {Subirrigation System Performance and Evaluation in the Red River Valley of the North},
	volume = {33},
	issn = {1943-7838},
	url = {http://elibrary.asabe.org/abstract.asp?AID=48630&t=3&dabs=Y&redir=&redirType=},
	doi = {10.13031/aea.12286},
	pages = {811--818},
	number = {6},
	journal = {Appl. Eng. Agric.},
	author = {Jia, Xinhua and Scherer, Thomas F. and Steele, Dean D. and {DeSutter}, Thomas M.},
	urldate = {2022-02-04},
	date = {2017},
	langid = {english},
	file = {Jia et al. - 2017 - Subirrigation System Performance and Evaluation in.pdf:C\:\\Users\\emily\\Zotero\\storage\\S98HS8TL\\Jia et al. - 2017 - Subirrigation System Performance and Evaluation in.pdf:application/pdf},
}

@article{jorjani_physical_1991,
	title = {Physical and economic benefits of subsurface drainage by soil type in eastern Ontario},
	volume = {19},
	issn = {03783774},
	url = {https://linkinghub.elsevier.com/retrieve/pii/037837749190044J},
	doi = {10.1016/0378-3774(91)90044-J},
	pages = {235--251},
	number = {3},
	journal = {Agric. Water Mgmt.},
	shortjournal = {Agricultural Water Management},
	author = {Jorjani, H. and van Vuuren, W.},
	urldate = {2022-02-08},
	date = {1991-04},
	langid = {english},
	file = {Jorjani and van Vuuren - 1991 - Physical and economic benefits of subsurface drain.pdf:C\:\\Users\\emily\\Zotero\\storage\\5RJVINJD\\Jorjani and van Vuuren - 1991 - Physical and economic benefits of subsurface drain.pdf:application/pdf},
}

@article{pali_unsteady_2014,
	title = {An Unsteady Subsurface Drainage Equation Incorporating Variability of Soil Drainage Properties},
	volume = {28},
	issn = {0920-4741, 1573-1650},
	url = {http://link.springer.com/10.1007/s11269-014-0631-1},
	doi = {10.1007/s11269-014-0631-1},
	pages = {2639--2653},
	number = {9},
	journal = {Water Resour. Mgmt.},
	shortjournal = {Water Resour Manage},
	author = {Pali, Ashok Kumar and Katre, Praful and Khalkho, Dhiraj},
	urldate = {2022-02-08},
	date = {2014-07},
	langid = {english},
	file = {Pali et al. - 2014 - An Unsteady Subsurface Drainage Equation Incorpora.pdf:C\:\\Users\\emily\\Zotero\\storage\\RAXCDM5B\\Pali et al. - 2014 - An Unsteady Subsurface Drainage Equation Incorpora.pdf:application/pdf},
}

@misc{wright_planning_2001,
	title = {Planning an Agricultural Subsurface Drainage System (Publication Series)},
	publisher = {Regents of the University of Minnesota},
	author = {Wright, Jerry and Sands, Gary},
	date = {2001},
	langid = {english},
	file = {Planning an Agricultural Subsurface Drainage Syste.pdf:C\:\\Users\\emily\\Zotero\\storage\\D74G3DWQ\\Planning an Agricultural Subsurface Drainage Syste.pdf:application/pdf},
}

@article{cihacek_evaluation_nodate,
	title = {Evaluation of Soils for Suitability for Tile Drainage Performance},
	pages = {12},
	author = {Cihacek, L J and Kalwar, N and Scherer, T},
	langid = {english},
	file = {Cihacek et al. - Evaluation of Soils for Suitability for Tile Drain.pdf:C\:\\Users\\emily\\Zotero\\storage\\J2XDE9S5\\Cihacek et al. - Evaluation of Soils for Suitability for Tile Drain.pdf:application/pdf;Madramootoo_PlanningandDesigningDrainageSystems.pdf:C\:\\Users\\emily\\Zotero\\storage\\MVPLJQTH\\Madramootoo_PlanningandDesigningDrainageSystems.pdf:application/pdf},
}

@article{rashid_niaghi_new_2019,
	title = {New Approach to Improve the Soil Water Balance Method for Evapotranspiration Estimation},
	volume = {11},
	issn = {2073-4441},
	url = {https://www.mdpi.com/2073-4441/11/12/2478},
	doi = {10.3390/w11122478},
	pages = {2478},
	number = {12},
	journal = {Water},
	shortjournal = {Water},
	author = {Rashid Niaghi, Ali and Jia, Xinhua},
	urldate = {2022-02-08},
	date = {2019-11-24},
	langid = {english},
	file = {Rashid Niaghi and Jia - 2019 - New Approach to Improve the Soil Water Balance Met.pdf:C\:\\Users\\emily\\Zotero\\storage\\EMT4KN5M\\Rashid Niaghi and Jia - 2019 - New Approach to Improve the Soil Water Balance Met.pdf:application/pdf},
}

@incollection{yadav_electrical_2019,
	location = {Singapore},
	title = {Electrical Conductivity Sensing for Precision Agriculture: A Review},
	volume = {741},
	isbn = {9789811307607 9789811307614},
	url = {http://link.springer.com/10.1007/978-981-13-0761-4_62},
	shorttitle = {Electrical Conductivity Sensing for Precision Agriculture},
	pages = {647--659},
	booktitle = {Harmony Search and Nature Inspired Optimization Algorithms},
	publisher = {Springer Singapore},
	author = {Gupta, Sonia and Kumar, Mohit and Priyadarshini, Rashmi},
	editor = {Yadav, Neha and Yadav, Anupam and Bansal, Jagdish Chand and Deep, Kusum and Kim, Joong Hoon},
	urldate = {2022-02-08},
	year = {2019},
	langid = {english},
	doi = {10.1007/978-981-13-0761-4_62},
	note = {Series Title: Advances in Intelligent Systems and Computing},
	file = {Gupta et al. - 2019 - Electrical Conductivity Sensing for Precision Agri.pdf:C\:\\Users\\emily\\Zotero\\storage\\3PATQRGA\\Gupta et al. - 2019 - Electrical Conductivity Sensing for Precision Agri.pdf:application/pdf},
}

@incollection{corwin_review_2019,
	title = {Review of soil salinity assessment for agriculture across multiple scales using proximal and/or remote sensors},
	volume = {158},
	isbn = {978-0-12-817412-8},
	url = {https://linkinghub.elsevier.com/retrieve/pii/S0065211319300690},
	pages = {1--130},
	booktitle = {Advances in Agronomy},
	publisher = {Elsevier},
	author = {Corwin, D.L. and Scudiero, E.},
	urldate = {2022-02-10},
	date = {2019},
	langid = {english},
	doi = {10.1016/bs.agron.2019.07.001},
	file = {Corwin and Scudiero - 2019 - Review of soil salinity assessment for agriculture.pdf:C\:\\Users\\emily\\Zotero\\storage\\BW2MZ6BX\\Corwin and Scudiero - 2019 - Review of soil salinity assessment for agriculture.pdf:application/pdf},
}

@article{corwin2003soil,
  title={Soil Salinity Measurement},
  author={Corwin, Dennis L},
  journal={Encyclopedia of Water Sci.},
  pages={852--860},
  year={2003}
}

@article{corwin_field-_2006,
	title = {From Field- to Landscape-Scale Vadose Zone Processes: Scale Issues, Modeling, and Monitoring},
	volume = {5},
	issn = {15391663},
	url = {http://doi.wiley.com/10.2136/vzj2006.0004},
	doi = {10.2136/vzj2006.0004},
	shorttitle = {From Field- to Landscape-Scale Vadose Zone Processes},
	pages = {129--139},
	number = {1},
	journal = {Vadose Zone J.},
	shortjournal = {Vadose Zone Journal},
	author = {Corwin, Dennis L. and Hopmans, Jan and de Rooij, Gerrit H.},
	urldate = {2022-02-10},
	date = {2006-01},
	langid = {english},
	file = {Corwin et al. - 2006 - From Field- to Landscape-Scale Vadose Zone Process.pdf:C\:\\Users\\emily\\Zotero\\storage\\ADXNSP26\\Corwin et al. - 2006 - From Field- to Landscape-Scale Vadose Zone Process.pdf:application/pdf},
}

@article{kachanoski_estimating_1988,
	title = {Estimating Spatial Variations of Soil Water Content Using Noncontacting Electromagnetic Inductive Methods},
	volume = {68},
	issn = {0008-4271, 1918-1841},
	url = {http://www.nrcresearchpress.com/doi/10.4141/cjss88-069},
	doi = {10.4141/cjss88-069},
	pages = {715--722},
	number = {4},
	journal = {Canadian J. Soil Sci.},
	shortjournal = {Can. J. Soil. Sci.},
	author = {Kachanoski, R. G. and Wesenbeeck, I. J. Van and Gregorich, E. G.},
	urldate = {2022-02-14},
	year = {1988},
	langid = {english},
	file = {Kachanoski et al. - 1988 - ESTIMATING SPATIAL VARIATIONS OF SOIL WATER CONTEN.pdf:C\:\\Users\\emily\\Zotero\\storage\\6FRBC9LH\\Kachanoski et al. - 1988 - ESTIMATING SPATIAL VARIATIONS OF SOIL WATER CONTEN.pdf:application/pdf;Rhoadesetal1976_Effects of Liquid-phase EC, WC, and SC on ECa.pdf:C\:\\Users\\emily\\Zotero\\storage\\JR3KI48K\\Rhoadesetal1976_Effects of Liquid-phase EC, WC, and SC on ECa.pdf:application/pdf},
}

@article{de_feudis_gis-based_2021,
	title = {{GIS}-based soil maps as tools to evaluate land capability and suitability in a coastal reclaimed area (Ravenna, northern Italy)},
	volume = {9},
	issn = {20956339},
	url = {https://linkinghub.elsevier.com/retrieve/pii/S2095633920300903},
	doi = {10.1016/j.iswcr.2020.11.007},
	pages = {167--179},
	number = {2},
	journal = {Intl. Soil Water Cons. Res.},
	shortjournal = {International Soil and Water Conservation Research},
	author = {De Feudis, Mauro and Falsone, Gloria and Gherardi, Massimo and Speranza, Maria and Vianello, Gilmo and Vittori Antisari, Livia},
	urldate = {2022-02-14},
	date = {2021-06},
	langid = {english},
	file = {De Feudis et al. - 2021 - GIS-based soil maps as tools to evaluate land capa.pdf:C\:\\Users\\emily\\Zotero\\storage\\QLMJWP53\\De Feudis et al. - 2021 - GIS-based soil maps as tools to evaluate land capa.pdf:application/pdf},
}

@article{niaghi_new_2019,
	title = {New Approach to Improve the Soil Water Balance Method for Evapotranspiration Estimation},
	volume = {11},
	issn = {2073-4441},
	url = {https://www.mdpi.com/2073-4441/11/12/2478},
	doi = {10.3390/w11122478},
	pages = {2478},
	number = {12},
	journal = {Water},
	shortjournal = {Water},
	author = {Niaghi, A. and Jia, Xinhua},
	urldate = {2022-02-14},
	date = {2019-11-24},
	langid = {english},
	file = {Rashid Niaghi and Jia - 2019 - New Approach to Improve the Soil Water Balance Met.pdf:C\:\\Users\\emily\\Zotero\\storage\\UC47VUUB\\Rashid Niaghi and Jia - 2019 - New Approach to Improve the Soil Water Balance Met.pdf:application/pdf},
}

@article{hu_greenspace_2020,
	title = {Greenspace, bluespace, and their interactive influence on urban thermal environments},
	volume = {15},
	issn = {1748-9326},
	url = {https://iopscience.iop.org/article/10.1088/1748-9326/ab6c30},
	doi = {10.1088/1748-9326/ab6c30},
	pages = {034041},
	number = {3},
	journal = {Environ. Res. Letters},
	shortjournal = {Environ. Res. Lett.},
	author = {Hu, Leiqiu and Li, Qi},
	urldate = {2022-02-21},
	date = {2020-03-01},
	langid = {english},
	file = {Hu and Li - 2020 - Greenspace, bluespace, and their interactive influ.pdf:C\:\\Users\\emily\\Zotero\\storage\\JHKPBVYP\\Hu and Li - 2020 - Greenspace, bluespace, and their interactive influ.pdf:application/pdf},
}

@article{he_design_2020,
	title = {{DESIGN} {OF} {TEMPERATURE} {AND} {HUMIDITY} {CONTROLLER} {OF} {AGRICULTURAL} {INTELLIGENT} {TOBACCO} {HOUSE} {BASED} {ON} {STM}32},
	issn = {20682239, 20684215},
	url = {https://inmateh.eu/volumes/volume-62--no3--2020/article/62-04-he-hong-design-of-temperature-and-humidity-controller-of-agricultural-intelligent-tobacco-},
	doi = {10.35633/inmateh-62-04},
	pages = {39--48},
	journal = {{INMATEH} Agric. Eng.},
	shortjournal = {{INMATEH}},
	author = {He, Hong},
	urldate = {2022-02-21},
	date = {2020-12-24},
	langid = {english},
	file = {He - 2020 - DESIGN OF TEMPERATURE AND HUMIDITY CONTROLLER OF A.pdf:C\:\\Users\\emily\\Zotero\\storage\\UUWNSKJ5\\He - 2020 - DESIGN OF TEMPERATURE AND HUMIDITY CONTROLLER OF A.pdf:application/pdf},
}

@article{saputro_analysis_2021,
	title = {Analysis of Air Temperature and Humidity in Kedunggalar Against {BMKG} Data Based on {DHT}11 Sensor},
	volume = {1805},
	issn = {1742-6588, 1742-6596},
	url = {https://iopscience.iop.org/article/10.1088/1742-6596/1805/1/012045},
	doi = {10.1088/1742-6596/1805/1/012045},
	pages = {012045},
	number = {1},
	journal = {J. of Physics: Conf. Series},
	shortjournal = {J. Phys.: Conf. Ser.},
	author = {Saputro, A D and Yantidewi, M},
	urldate = {2022-02-21},
	date = {2021-03-01},
	langid = {english},
	file = {Saputro and Yantidewi - 2021 - Analysis of Air Temperature and Humidity in Kedung.pdf:C\:\\Users\\emily\\Zotero\\storage\\F7NHFXTB\\Saputro and Yantidewi - 2021 - Analysis of Air Temperature and Humidity in Kedung.pdf:application/pdf},
}

@book{allison_diagnosis_1954,
	location = {Washington, D.C.},
	title = {Diagnosis and imporovement of saline and alkaline soils},
	series = {Agriculture Handbook},
	number = {60},
	publisher = {U.S. Governement Printing Office},
	author = {U.S. Department of Agriculture},
	editor = {Richards, L. A.},
	editora = {Allison, L E and Brown, J W and Hayward, H E and Richards, A and Bernstein, L and Fireman, M and Pearson, G A and Bower, C A and Hatcher, J T and Reeve, R C},
	editoratype = {collaborator},
	date = {1954},
	langid = {english},
	file = {Allison et al. - United States Salinity Laboratory Staff.pdf:C\:\\Users\\emily\\Zotero\\storage\\TJ72JZTS\\Allison et al. - United States Salinity Laboratory Staff.pdf:application/pdf},
}

@article{slavich1990determining,
  title={Determining ECa-depth profiles from electromagnetic induction measurements},
  author={Slavich, Peter G},
  journal = {Australian J. Soil Res.},
  volume={28},
  number={3},
  pages={443--452},
  year={1990},
  publisher={CSIRO Publishing}
}

@thesis{mack_using_2021,
	location = {Fargo, North Dakota},
	title = {Using {UAS} Images to Remotely Estimate Soil Moisture Content in the Red River Valley},
	pagetotal = {75},
	institution = {North Dakota State University},
	type = {Master of Science},
	author = {Mack, Talon Clancy},
	urldate = {2022-02-25},
	year = {2021},
	langid = {english},
	file = {Mack - A Thesis Submitted to the Graduate Faculty of the .pdf:C\:\\Users\\emily\\Zotero\\storage\\S8QFYCSW\\Mack - A Thesis Submitted to the Graduate Faculty of the .pdf:application/pdf},
}

@inproceedings{comegna_local-scale_2006,
	location = {Bologna, Italy},
	title = {Local-scale solute transport in variously structured soils under continuous flood irrigation},
	volume = {1},
	isbn = {978-1-84564-043-9},
	url = {http://library.witpress.com/viewpaper.asp?pcode=SI06-010-1},
	doi = {10.2495/SI060101},
	eventtitle = {{SUSTAINABLE} {IRRIGATION} 2006},
	pages = {85--100},
	booktitle = {Sustainable Irrigation Management, Technologies and Policies},
	publisher = {{WIT} Press},
	author = {Comegna, A. and Coppola, A. and Sommella, A. and Severino, G.},
	urldate = {2022-02-28},
	date = {2006-08-23},
	langid = {english},
	note = {{ISSN}: 1743-3541, 1746-448X},
	file = {Comegna et al. - 2006 - Local-scale solute transport in variously structur.pdf:C\:\\Users\\emily\\Zotero\\storage\\RV4NA5N7\\Comegna et al. - 2006 - Local-scale solute transport in variously structur.pdf:application/pdf},
}

@article{vanderborght_one-dimensional_2007,
	title = {One-Dimensional Modeling of Transport in Soils with Depth-Dependent Dispersion, Sorption and Decay},
	volume = {6},
	issn = {15391663},
	url = {http://doi.wiley.com/10.2136/vzj2006.0103},
	doi = {10.2136/vzj2006.0103},
	pages = {140--148},
	number = {1},
	journal = {Vadose Zone J.},
	shortjournal = {Vadose Zone Journal},
	author = {Vanderborght, Jan and Vereecken, Harry},
	urldate = {2022-02-28},
	date = {2007-02},
	langid = {english},
	file = {Vanderborght and Vereecken - 2007 - One-Dimensional Modeling of Transport in Soils wit.pdf:C\:\\Users\\emily\\Zotero\\storage\\W6PKNTH2\\Vanderborght and Vereecken - 2007 - One-Dimensional Modeling of Transport in Soils wit.pdf:application/pdf},
}

@article{hu_comparison_2016,
	title = {Comparison of the performance of traditional advection-dispersion equation and mobile-immobile model for simulating solute transport in heterogeneous soils},
	volume = {3},
	issn = {2095-7505},
	url = {http://engineering.cae.cn/fase/EN/10.15302/J-FASE-2016108},
	doi = {10.15302/J-FASE-2016108},
	pages = {241},
	number = {3},
	journal = {Frontiers Agric. Sci. Eng.},
	shortjournal = {Front. Agr. Sci. Eng.},
	author = {Hu, Haizhu and Mao, Xiaomin},
	urldate = {2022-02-28},
	date = {2016},
	langid = {english},
	file = {Hu and Mao - 2016 - Comparison of the performance of traditional advec.pdf:C\:\\Users\\emily\\Zotero\\storage\\GRDT3LWC\\Hu and Mao - 2016 - Comparison of the performance of traditional advec.pdf:application/pdf},
}

@article{hu_comparison_2016-1,
	title = {Comparison of the performance of traditional advection-dispersion equation and mobile-immobile model for simulating solute transport in heterogeneous soils},
	volume = {3},
	issn = {2095-7505},
	url = {http://engineering.cae.cn/fase/EN/10.15302/J-FASE-2016108},
	doi = {10.15302/J-FASE-2016108},
	pages = {241},
	number = {3},
	journal = {Frontiers Agric. Sci. Eng.},
	shortjournal = {Front. Agr. Sci. Eng.},
	author = {Hu, Haizhu and Mao, Xiaomin},
	urldate = {2022-02-28},
	date = {2016},
	langid = {english},
	file = {Hu and Mao - 2016 - Comparison of the performance of traditional advec.pdf:C\:\\Users\\emily\\Zotero\\storage\\USTZQ2WI\\Hu and Mao - 2016 - Comparison of the performance of traditional advec.pdf:application/pdf},
}

@article{guitjens_drainage_1997,
	title = {Drainage Design for Water Quality Management: Overview},
	volume = {123},
	issn = {0733-9437, 1943-4774},
	url = {http://ascelibrary.org/doi/10.1061/},	doi = {10.1061/(ASCE)0733-9437(1997)123:3(148)},
	shorttitle = {Drainage Design for Water Quality Management},
	pages = {148--153},
	number = {3},
	journal = {J. Irrig. Drain. Eng.},
	shortjournal = {Journal of Irrigation and Drainage Engineering},
	author = {Guitjens, J. C. and Ayars, J. E. and Grismer, M. E. and Willardson, L. S.},
	urldate = {2022-03-01},
	date = {1997-05},
	langid = {english},
	file = {Guitjens et al. - 1997 - Drainage Design for Water Quality Management Over.pdf:C\:\\Users\\emily\\Zotero\\storage\\UJU32JGX\\Guitjens et al. - 1997 - Drainage Design for Water Quality Management Over.pdf:application/pdf},
}

@article{skaggs2006drainage,
  title={Drainage design coefficients for eastern United States},
  author={Skaggs, R Wayne and Youssef, MA and Chescheir, GM},
  journal={Agricultural water management},
  volume={86},
  number={1-2},
  pages={40-49},
  year={2006},
  publisher={Elsevier}
}

@article{skaggs_criteria_2007,
	title = {Criteria for Calculating Drain Spacing and Depth},
	volume = {50},
	issn = {2151-0040},
	url = {http://elibrary.asabe.org/abstract.asp??JID=3&AID=23971&CID=t2007&v=50&i=5&T=1},
	doi = {10.13031/2013.23971},
	pages = {1657--1662},
	number = {5},
	journal = {Trans. {ASABE}},
	author = {Skaggs, R.W.},
	urldate = {2022-03-01},
	date = {2007},
	langid = {english},
	file = {R. W. Skaggs - 2007 - Criteria for Calculating Drain Spacing and Depth.pdf:C\:\\Users\\emily\\Zotero\\storage\\7MRIH62W\\R. W. Skaggs - 2007 - Criteria for Calculating Drain Spacing and Depth.pdf:application/pdf},
}

@article{ribbens_drain_2002,
	title = {Drain Spacing Design Taking into Account Mass Balance},
	volume = {45},
	issn = {2151-0059},
	url = {http://elibrary.asabe.org/abstract.asp??JID=3&AID=9949&CID=t2002&v=45&i=4&T=1},
	doi = {10.13031/2013.9949},
	number = {4},
	journal = {Trans {ASAE}},
	author = {Ribbens, R.W. and Garcia, L.A.},
	urldate = {2022-03-01},
	date = {2002},
	langid = {english},
	file = {R. W. Ribbens and L. A. Garcia - 2002 - DRAIN SPACING DESIGN TAKING INTO ACCOUNT MASS BALA.pdf:C\:\\Users\\emily\\Zotero\\storage\\3RIS64PN\\R. W. Ribbens and L. A. Garcia - 2002 - DRAIN SPACING DESIGN TAKING INTO ACCOUNT MASS BALA.pdf:application/pdf},
}

@article{philip_theory_1968,
	title = {The theory of absorption in aggregated media},
	volume = {6},
	issn = {1838-675X},
	url = {http://www.publish.csiro.au/?paper=SR9680001},
	doi = {10.1071/SR9680001},
	pages = {1},
	number = {1},
	journal = {Soil Res.},
	shortjournal = {Soil Res.},
	author = {Philip, Jr},
	urldate = {2022-03-07},
	date = {1968},
	langid = {english},
	file = {Philip - 1968 - The theory of absorption in aggregated media.pdf:C\:\\Users\\emily\\Zotero\\storage\\2WJBHHFN\\Philip - 1968 - The theory of absorption in aggregated media.pdf:application/pdf},
}

@article{buckland_comparison_1986,
	title = {Comparison of Methods for Determining Saturated Hydraulic Conductivity and Drainable Porosity of Two Southern Alberta Soils},
	volume = {66},
	issn = {0008-4271, 1918-1841},
	url = {http://www.nrcresearchpress.com/doi/10.4141/cjss86-027},
	doi = {10.4141/cjss86-027},
	pages = {249--259},
	number = {2},
	journal = {Canadian J. Soil Sci.},
	shortjournal = {Can. J. Soil. Sci.},
	author = {Buckland, G. D. and Harker, D. B. and Sommerfeldt, T. G.},
	urldate = {2022-03-07},
	date = {1986-05-01},
	langid = {english},
	file = {Buckland et al. - 1986 - COMPARISON OF METHODS FOR DETERMINING SATURATED HY.pdf:C\:\\Users\\emily\\Zotero\\storage\\TTZ8U2U2\\Buckland et al. - 1986 - COMPARISON OF METHODS FOR DETERMINING SATURATED HY.pdf:application/pdf},
}

@article{dumm1954drain,
  title={Drain spacing formula, New formula for determining depth and spacing of sub-surface drain in irrigated land},
  author={Dumm, LD},
  journal={Agric. Eng.},
  volume={25},
  number={4},
  pages={726-730},
  year={1954}
}

@article{van1963design,
  title={Design of tile drainage for falling water tables},
  author={Van Schilfgaarde, Jan},
  journal={J. Irrig. Drain. Div.},
  volume={89},
  number={2},
  pages={1-12},
  year={1963},
  publisher={American Society of Civil Engineers}
}

@article{dumm1964transient,
  title={Transient-flow concept in subsurface drainage: Its validity and use},
  author={Dumm, Lee D},
  journal={Trans. ASAE},
  volume={7},
  number={2},
  pages={142-146},
  year={1964},
  publisher={American Society of Agricultural and Biological Engineers}
}

@article{french1966field,
  title={A field test of drain spacing equations for agricultural land},
  author={French, BE and O?Callaghan, JR},
  journal={J. Agric. Eng. Res.},
  volume={11},
  number={4},
  pages={282-295},
  year={1966},
  publisher={Elsevier}
}

@collection{mckeague_manual_1978,
	location = {Ottwaw, Ontario},
	edition = {2nd},
	title = {Manual of Soil Sampling and Methods of Analysis},
	pagetotal = {212},
	publisher = {Canadian Soc. Soil Sci.},
	editor = {{McKeague}, J.A.},
	date = {1978},
	file = {McKeague - 1978 - Manual of soil sampling and methods of analysis.pdf:C\:\\Users\\emily\\Zotero\\storage\\DHJDGJ6T\\McKeague - 1978 - Manual of soil sampling and methods of analysis.pdf:application/pdf},
}

@incollection{de_gruijter_sampling_2010,
	location = {New York},
	title = {Sampling for High-Resolution Soil Mapping},
	isbn = {978-90-481-8858-1},
	series = {Progress in Soil Science},
	pages = {3--14},
	number = {1},
	booktitle = {Proximal Soil Sensing},
	publisher = {Springer},
	author = {De Gruijter, J.J. and {McBratney}, A.B. and Taylor, J.},
	editor = {Viscarra Rossel, R.A. and {McBratney}, A. and Minasny, B.},
	date = {2010},
	file = {De Gruijter et al. - 2010 - Sampling for High-Resolution Soil Mapping.pdf:C\:\\Users\\emily\\Zotero\\storage\\UI8YLU3C\\De Gruijter et al. - 2010 - Sampling for High-Resolution Soil Mapping.pdf:application/pdf},
}

@incollection{hossain_field_2010,
	location = {New York},
	title = {Field Determination of Soil Moisture in the Root Zone of Deep Vertosols Using {EM}38 Measurements: Calibration and Application Issues},
	isbn = {978-90-481-8858-1},
	series = {Progress in Soil Science},
	pages = {255--263},
	number = {1},
	booktitle = {Proximal Soil Sensing},
	publisher = {Springer},
	author = {Hossain, M.B. and Lamb, D.W. and Lockwood, P.V. and Frazier, P.},
	editor = {Viscarra Rossel, R.A. and {McBratney}, A. and Minasny, B.},
	date = {2010},
	file = {Hossain et al. - 2010 - Field Determination of Soil Moisture in the Root Z.pdf:C\:\\Users\\emily\\Zotero\\storage\\3J9YQDX7\\Hossain et al. - 2010 - Field Determination of Soil Moisture in the Root Z.pdf:application/pdf},
}

@misc{mcneil_electromagnetic_1980,
	title = {Electromagnetic Terrain Conductivity Measurement at Low Induction Numbers: Technical Note {TN}-6},
	url = {http://www.geonics.com/pdfs/technicalnotes/tn6.pdf},
	publisher = {Geonics Limited},
	author = {{McNeil}, J.D.},
	urldate = {2022-03-15},
	year = {1980}
}

@misc{campbell_scientific_hydraprobe_2018,
	title = {{HydraProbe} Steven's Water Soil Sensor},
	url = {https://s.campbellsci.com/documents/ca/manuals/hydraprobe_man.pdf},
	publisher = {Campbell Scientific},
	author = {Campbell Scientific},
	urldate = {2022-03-17},
	date = {2018},
	file = {hydraprobe_man.pdf:C\:\\Users\\emily\\Zotero\\storage\\UTQ26BWG\\hydraprobe_man.pdf:application/pdf},
}

@misc{stevens_water_monitoring_systems_inc_hydraprobe_2018,
	title = {{HydraProbe} Soil Sensor},
	url = {https://www.stevenswater.com/resources/documentation/hydraprobe/HydraProbe_Manual_Jan_2018.pdf},
	publisher = {Stevens Water Monitoring Systems, Inc},
	author = {Stevens Water Monitoring Systems, Inc},
	urldate = {2022-02-09},
	year = {2018},
	file = {Gaj&Madmootoo_PiperPerforationsonWaterTableRise.pdf:C\:\\Users\\emily\\Zotero\\storage\\XMGV8VIU\\Gaj&Madmootoo_PiperPerforationsonWaterTableRise.pdf:application/pdf;HydraProbe_Manual_Jan_2018.pdf:C\:\\Users\\emily\\Zotero\\storage\\QI5LM7GK\\HydraProbe_Manual_Jan_2018.pdf:application/pdf},
}

@article{gaj_influence_nodate,
	title = {Influence of Subsurface Pipe Perforations on Transient Water Table Response and Steady Soil-Water Flux Under Subirrigation},
	doi = {10.13031/ja.14803},
	journal = {J. {ASABE}},
	author = {Gaj, Naresh and Madramootoo, Chandra A.},
	file = {Gaj and Madramootoo - Influence of Subsurface Pipe Perforations on Trans.pdf:C\:\\Users\\emily\\Zotero\\storage\\5X7LZ24T\\Gaj and Madramootoo - Influence of Subsurface Pipe Perforations on Trans.pdf:application/pdf},
}

@article{gaj_simulating_2021,
	title = {Simulating upward soil-water flow from buried pipes with variable hydraulic characteristics},
	volume = {158},
	issn = {03091708},
	url = {https://linkinghub.elsevier.com/retrieve/pii/S0309170821002268},
	doi = {10.1016/j.advwatres.2021.104074},
	pages = {104074},
	journal = {Adv. in Water Resour.},
	shortjournal = {Advances in Water Resources},
	author = {Gaj, Naresh and Madramootoo, Chandra A.},
	urldate = {2022-04-05},
	date = {2021-12},
	langid = {english},
	file = {Gaj and Madramootoo - 2021 - Simulating upward soil-water flow from buried pipe.pdf:C\:\\Users\\emily\\Zotero\\storage\\YZ58LCBT\\Gaj and Madramootoo - 2021 - Simulating upward soil-water flow from buried pipe.pdf:application/pdf},
}

@article{gaj_effects_2020,
	title = {Effects of Perforation Geometry on Pipe Drainage in Agricultural Lands},
	volume = {146},
	issn = {0733-9437, 1943-4774},
	url = {http://ascelibrary.org/doi/10.1061/},	doi = {10.1061/(ASCE)IR.1943-4774.0001482},
	pages = {04020015},
	number = {7},
	journal = {J. Irrig. Drain. Eng.},
	shortjournal = {J. Irrig. Drain Eng.},
	author = {Gaj, Naresh and Madramootoo, Chandra A.},
	urldate = {2022-04-05},
	date = {2020-07},
	langid = {english},
	file = {Gaj and Madramootoo - 2020 - Effects of Perforation Geometry on Pipe Drainage i.pdf:C\:\\Users\\emily\\Zotero\\storage\\X6E35S32\\Gaj and Madramootoo - 2020 - Effects of Perforation Geometry on Pipe Drainage i.pdf:application/pdf},
}

@incollection{madramootoo_2015,
	location = {Madison, {WI}, {USA}},
	title = {Planning and Design of Drainage Systems},
	isbn = {978-0-89118-230-6 978-0-89118-141-5},
	pages = {871-892},
	booktitle = {Agronomy Monographs},
	publisher = {American Society of Agronomy, Crop Science Society of America, Soil Science Society of America},
	author = {Madramootoo, C.A.},
	editor = {Skaggs, R.W. and van Schilfgaarde, J.},
	year = {2015},
	doi = {10.2134/agronmonogr38.c26},
}

@article{rhoades_effects_1976,
	title = {Effects of Liquid-phase Electrical Conductivity, Water Content, and Surface Conductivity on Bulk Soil Electrical Conductivity},
	volume = {40},
	issn = {03615995},
	url = {http://doi.wiley.com/10.2136/sssaj1976.03615995004000050017x},
	doi = {10.2136/sssaj1976.03615995004000050017x},
	pages = {651--655},
	number = {5},
	journal = {Soil Sci. Soc. America J.},
	shortjournal = {Soil Science Society of America Journal},
	author = {Rhoades, J. D. and Raats, P. A. C. and Prather, R. J.},
	urldate = {2022-04-19},
	date = {1976-09},
	langid = {english},
	file = {Rhoades et al. - 1976 - Effects of Liquid-phase Electrical Conductivity, W.pdf:C\:\\Users\\emily\\Zotero\\storage\\6K49BIDT\\Rhoades et al. - 1976 - Effects of Liquid-phase Electrical Conductivity, W.pdf:application/pdf},
}

@article{sherlock_new_2003,
	title = {A new tool for hillslope hydrologists: spatially distributed groundwater level and soilwater content measured using electromagnetic induction},
	volume = {17},
	issn = {0885-6087, 1099-1085},
	url = {https://onlinelibrary.wiley.com/doi/10.1002/hyp.1221},
	doi = {10.1002/hyp.1221},
	shorttitle = {A new tool for hillslope hydrologists},
	pages = {1965--1977},
	number = {10},
	journal = {Hydrol. Processes},
	shortjournal = {Hydrol. Process.},
	author = {Sherlock, Mark D. and {McDonnell}, Jeffrey J.},
	urldate = {2022-04-19},
	year = {2003},
	langid = {english},
	file = {Sherlock and McDonnell - 2003 - A new tool for hillslope hydrologists spatially d.pdf:C\:\\Users\\emily\\Zotero\\storage\\8G2YCCB2\\Sherlock and McDonnell - 2003 - A new tool for hillslope hydrologists spatially d.pdf:application/pdf},
}

@article{reedy_soil_2003,
	title = {Soil Water Content Monitoring Using Electromagnetic Induction},
	volume = {129},
	issn = {1090-0241, 1943-5606},
	url = {http://ascelibrary.org/doi/10.1061/},
	doi = {10.1061/(ASCE)1090-0241(2003)129:11(1028)},
	pages = {1028--1039},
	number = {11},
	journal = {J. Geotech. Geoenviron. Eng.},
	shortjournal = {J. Geotech. Geoenviron. Eng.},
	author = {Reedy, Robert C. and Scanlon, Bridget R.},
	urldate = {2022-04-19},
	year = {2003},
	langid = {english},
	file = {Reedy and Scanlon - 2003 - Soil Water Content Monitoring Using Electromagneti.pdf:C\:\\Users\\emily\\Zotero\\storage\\THFJCY6Y\\Reedy and Scanlon - 2003 - Soil Water Content Monitoring Using Electromagneti.pdf:application/pdf},
}


@article{wu_inter-comparison_2022,
	title = {Inter-Comparison of Proximal Near-Surface Soil Moisture Measurement Techniques},
	volume = {15},
	issn = {1939-1404, 2151-1535},
	url = {https://ieeexplore.ieee.org/document/9729474/},
	doi = {10.1109/JSTARS.2022.3156878},
	pages = {2370--2378},
	journal = {{IEEE} J. Sel. Top. Appl. Earth Obs. Remote Sens.},
	shortjournal = {{IEEE} J. Sel. Top. Appl. Earth Observations Remote Sensing},
	author = {Wu, Xiaoling and Walker, Jeffrey P. and Jonard, Francois and Ye, Nan},
	urldate = {2022-04-20},
	year = {2022},
	langid = {english},
	file = {Wu et al. - 2022 - Inter-Comparison of Proximal Near-Surface Soil Moi.pdf:C\:\\Users\\emily\\Zotero\\storage\\NHKMGUFS\\Wu et al. - 2022 - Inter-Comparison of Proximal Near-Surface Soil Moi.pdf:application/pdf},
}

@report{day-lewis_geoelectrical_2014,
	title = {Geoelectrical Measurement of Multi-Scale Mass Transfer Parameters Final Report to the Subsurface Biogeochemical Research Program},
	url = {http://www.osti.gov/servlets/purl/1122561/},
	pages = {DOE--PSU--02147, 1122561},
	number = {{DOE}-{PSU}-02147, 1122561},
	author = {Day-Lewis, Frederick and Singha, Kamini and Haggerty, Roy and Johnson, Timothy and Binley, Andrew and Lane, John},
	urldate = {2022-04-25},
	date = {2014-03-10},
	langid = {english},
	doi = {10.2172/1122561},
	file = {Day-Lewis et al. - 2014 - Geoelectrical Measurement of Multi-Scale Mass Tran.pdf:C\:\\Users\\emily\\Zotero\\storage\\SZ8BSC63\\Day-Lewis et al. - 2014 - Geoelectrical Measurement of Multi-Scale Mass Tran.pdf:application/pdf},
}

@article{ohmer_optimal_2017,
	title = {On the optimal selection of interpolation methods for groundwater contouring: An example of propagation of uncertainty regarding inter-aquifer exchange},
	volume = {109},
	issn = {03091708},
	url = {https://linkinghub.elsevier.com/retrieve/pii/S0309170817306140},
	doi = {10.1016/j.advwatres.2017.08.016},
	shorttitle = {On the optimal selection of interpolation methods for groundwater contouring},
	pages = {121--132},
	journal = {Adv. Water Resour.},
	shortjournal = {Advances in Water Resources},
	author = {Ohmer, Marc and Liesch, Tanja and Goeppert, Nadine and Goldscheider, Nico},
	urldate = {2022-04-26},
	year = {2017},
	langid = {english},
	file = {Ohmer et al. - 2017 - On the optimal selection of interpolation methods .pdf:C\:\\Users\\emily\\Zotero\\storage\\W8JKEZ9L\\Ohmer et al. - 2017 - On the optimal selection of interpolation methods .pdf:application/pdf},
}

@incollection{clarke_topp_instrumental_2012,
	location = {Madison, {WI}, {USA}},
	title = {Instrumental Field Methods of Salinity Appraisal},
	isbn = {978-0-89118-925-1 978-0-89118-801-8},
	url = {http://doi.wiley.com/10.2136/sssaspecpub30.c12},
	pages = {231--248},
	booktitle = {{SSSA} Special Publications},
	publisher = {Soil Science Society of America},
	author = {Rhoades, J. D.},
	editor = {Clarke Topp, G. and Daniel Reynolds, W. and Green, Richard E.},
	urldate = {2022-05-03},
	date = {2012-04-24},
	langid = {english},
	doi = {10.2136/sssaspecpub30.c12},
	file = {Rhoades - 2012 - Instrumental Field Methods of Salinity Appraisal.pdf:C\:\\Users\\emily\\Zotero\\storage\\PR8ICD5S\\Rhoades - 2012 - Instrumental Field Methods of Salinity Appraisal.pdf:application/pdf},
}

@article{ma_comparing_2011,
	title = {Comparing temperature correction models for soil electrical conductivity measurement},
	volume = {12},
	issn = {1385-2256, 1573-1618},
	url = {http://link.springer.com/10.1007/s11119-009-9156-7},
	doi = {10.1007/s11119-009-9156-7},
	pages = {55--66},
	number = {1},
	journal = {Precis. Agric.},
	shortjournal = {Precision Agric},
	author = {Ma, Ruijun and {McBratney}, Alex and Whelan, Brett and Minasny, Budiman and Short, Michael},
	urldate = {2022-06-21},
	year = {2011},
	langid = {english},
	file = {Edited_Matthees et al 2017 CSSPA.pdf:C\:\\Users\\emily\\Zotero\\storage\\BYW5TZKK\\Edited_Matthees et al 2017 CSSPA.pdf:application/pdf;Ma et al. - 2011 - Comparing temperature correction models for soil e.pdf:C\:\\Users\\emily\\Zotero\\storage\\GHJV5H37\\Ma et al. - 2011 - Comparing temperature correction models for soil e.pdf:application/pdf},
}

@article{osterholz_connecting_2021,
	title = {Connecting soil characteristics to edge of field water quality in Ohio},
	issn = {0047-2425, 1537-2537},
	url = {https://onlinelibrary.wiley.com/doi/10.1002/jeq2.20308},
	doi = {10.1002/jeq2.20308},
	pages = {1--16},
	journal = {J. Environ. Qual.},
	shortjournal = {J. environ. qual.},
	author = {Osterholz, William R. and Schwab, Elizabeth R. and Duncan, Emily W. and Smith, Douglas R. and King, Kevin W.},
	urldate = {2022-06-21},
	date = {2021-12-07},
	langid = {english},
	file = {Osterholz et al. - 2021 - Connecting soil characteristics to edge-of-field w.pdf:C\:\\Users\\emily\\Zotero\\storage\\6EEX57U8\\Osterholz et al. - 2021 - Connecting soil characteristics to edge-of-field w.pdf:application/pdf},
}

@article{corwin2005apparent,
  title={Apparent soil electrical conductivity measurements in agriculture},
  author={Corwin, Dennis L and Lesch, Scott M},
  journal = {Comput. Electron. Agric.},
  volume={46},
  number={1-3},
  pages={11--43},
  year={2005},
  publisher={Elsevier}
}

@article{he2012evaluation,
  title={Evaluation of 1:5 soil to water extract electrical conductivity methods},
  author={He, Yangbo and DeSutter, Thomas and Prunty, Lyle and Hopkins, David and Jia, Xinhua and Wysocki, Douglas A},
  journal={Geoderma},
  volume={185},
  pages={12--17},
  year={2012},
  publisher={Elsevier}
}

@article{matthees2017predicting,
  title={Predicting soil electrical conductivity of the saturation extract from a 1: 1 soil to water ratio},
  author={Matthees, Heather L and He, Yangbo and Owen, Rachel K and Hopkins, David and Deutsch, Bob and Lee, John and Clay, David E and Reese, Cheryl and Malo, Douglas D and DeSutter, Tom M},
  journal={Commun. Soil Sci. Plant Anal.},
  volume={48},
  number={18},
  pages={2148--2154},
  year={2017},
  publisher={Taylor \& Francis}
}

@article{kanwar_automated_1999,
	title = {An Automated System for monitoring the Quality and Quantity of Subsurface Drain Flow},
	volume = {73},
	issn = {00218634},
	url = {https://linkinghub.elsevier.com/retrieve/pii/S0021863498903985},
	doi = {10.1006/jaer.1998.0398},
	pages = {123--129},
	number = {2},
	journal = {J. Agric. Eng. Res.},
	shortjournal = {Journal of Agricultural Engineering Research},
	author = {Kanwar, R.S. and Bjorneberg, D. and Baker, D.},
	urldate = {2022-08-24},
	date = {1999-06},
	langid = {english},
	file = {Kanwar et al. - 1999 - An Automated System for monitoring the Quality and.pdf:C\:\\Users\\emily\\Zotero\\storage\\BMAMNR6J\\Kanwar et al. - 1999 - An Automated System for monitoring the Quality and.pdf:application/pdf},
}

@article{kaiser_analysis_2008,
	title = {{ANALYSIS} {GUIDE} {FOR} {VARIABLE} {FREQUENCY} {DRIVE} {OPERATED} {CENTRIFUGAL} {PUMPS}},
	pages = {26},
	journal = {Texas A\&M University},
	author = {Kaiser, Thomas F and Osman, Richard H and Dickau, Ralph O},
	date = {2008},
	langid = {english},
	file = {Kaiser et al. - 2008 - ANALYSIS GUIDE FOR VARIABLE FREQUENCY DRIVE OPERAT.pdf:C\:\\Users\\emily\\Zotero\\storage\\7DXQANIH\\Kaiser et al. - 2008 - ANALYSIS GUIDE FOR VARIABLE FREQUENCY DRIVE OPERAT.pdf:application/pdf},
}

@inproceedings{thiruchelvam2017fluids,
  title={Fluids vertical transfer utilizing VFD based centrifugal pumps},
  author={Thiruchelvam, Vinesh and Hong, Lim Min},
  booktitle={Journal of Physics: Conference Series},
  volume={822},
  number={1},
  pages={012062},
  year={2017},
  organization={IOP Publishing}
}

@article{soultani1993measuring,
  title={Measuring and sampling surface runoff and subsurface drain outflow volume},
  author={Soultani, M and Tan, CS and Gaynor, JD and Neveu, R and Drury, CF},
  journal={Appl. Eng. Agric.},
  volume={9},
  number={5},
  pages={447--450},
  year={1993},
  publisher={American Society of Agricultural and Biological Engineers}
}

@book{sharma_methods_2018,
	title = {Methods and techniques for soil moisture monitoring},
	url = {https://wyoextension.org/publications/html/B1331/},
	pagetotal = {16},
	publisher = {University of Wyoming Extension},
	author = {Sharma, Vivek},
	urldate = {2022-09-14},
	year = {2018},
	file = {Methods and techniques for soil moisture monitoring:C\:\\Users\\emily\\Zotero\\storage\\WPPID7UL\\B1331.html:text/html},
}

@article{munoz2004field,
  title={Field Devices for Monitoring Soil Water Content: BUL343/AE266, 7/2004},
  author={Mu{\~n}oz-Carpena, Rafael},
  journal={EDIS},
  volume={2004},
  number={8},
  year={2004}
}

@article{yoder_soilwater_1998,
	title = {Soilwater Sensor Performance},
	volume = {14},
	issn = {1943-7838},
	url = {http://elibrary.asabe.org/abstract.asp??JID=3&AID=19373&CID=aeaj1998&v=14&i=2&T=1},
	doi = {10.13031/2013.19373},
	pages = {121--133},
	number = {2},
	journal = {Appl. Eng. Agric.},
	author = {Yoder, R.E and Johnson, D.L. and Wilkerson, J.B. and Yoder, D.C.},
	urldate = {2022-09-21},
	year = {1998},
	langid = {english},
	file = {R. E. Yoder et al. - 1998 - SOILWATER SENSOR PERFORMANCE.pdf:C\:\\Users\\emily\\Zotero\\storage\\2YYGN77V\\R. E. Yoder et al. - 1998 - SOILWATER SENSOR PERFORMANCE.pdf:application/pdf},
}

@article{beach2017soil,
  title={Soil water},
  author={Beach, Tim and Flood, Jonathan M},
  journal = {Int. Encycl. Geogr.},
  pages={1--7},
  year={2017}
}

@book{schoeneberger_field_2012,
	location = {Lincoln, {NE}},
	title = {Field Book for Describing and Sampling Soils},
	edition = {3rd},
	publisher = {Natural Resources Conservation Service, National Soil Survey Center},
	author = {Schoeneberger, P.J. and Wysocki, D.A. and Benham, E.C. and Soil Survey Staff},
	year = {2012},
	file = {UDSA-NRCS_SoilFieldBook.pdf:C\:\\Users\\emily\\Zotero\\storage\\P4I58XT4\\UDSA-NRCS_SoilFieldBook.pdf:application/pdf},
}

@article{besson2008temperature,
  title={The temperature correction for the electrical resistivity measurements in undisturbed soil samples: Analysis of the existing conversion models and proposal of a new model},
  author={Besson, Arl{\`e}ne and Cousin, Isabelle and Dorigny, Abel and Dabas, Michel and King, Dominique},
  journal = {Soil Sci.},
  volume={173},
  number={10},
  pages={707--720},
  year={2008},
  publisher={LWW}
}

@book{rhoades1999soil,
  title={Soil salinity assessment: Methods and interpretation of electrical conductivity measurements},
  author={Rhoades, JD and Chanduvi, Fernando and Lesch, SM},
  number={57},
  year={1999},
  publisher={Food \& Agriculture Org.}
}

@article{rhoades1989soil,
  title={Soil electrical conductivity and soil salinity: New formulations and calibrations},
  author={Rhoades, JD and Manteghi, NA and Shouse, PJ and Alves, WJ},
  journal = {Soil Sci. Soc. America J.},
  volume={53},
  number={2},
  pages={433--439},
  year={1989},
  publisher={Wiley Online Library}
}

@article{he2013predicting,
  title={Predicting ECe of the saturated paste extract from value of EC1: 5},
  author={He, Yangbo and DeSutter, Thomas and Hopkins, David and Jia, Xinhua and Wysocki, Douglas A},
  journal = {Canadian J. Soil Sci.},
  volume={93},
  number={5},
  pages={585--594},
  year={2013},
  publisher={Agricultural Institute of Canada}
}

@article{corwin2003application,
  title={Application of soil electrical conductivity to precision agriculture: theory, principles, and guidelines},
  author={Corwin, DL and Lesch, Scott M},
  journal ={Agron. J.},
  volume={95},
  number={3},
  pages={455--471},
  year={2003},
  publisher={Wiley Online Library}
}

@book{singha_electrical_2022,
	location = {Canada},
	title = {Electrical Imaging for Hydrogeology},
	isbn = {978-1-77470-011-2},
	pagetotal = {74},
	publisher = {The Groundwater Project},
	author = {Singha, Kamini and Johnson, Timothy C and Lewis, Frederick D Day and Slater, Lee D},
	year = {2022},
	langid = {english},
	file = {Singha et al. - Electrical Imaging for Hydrogeology.pdf:C\:\\Users\\emily\\Zotero\\storage\\DBBDVYT8\\Singha et al. - Electrical Imaging for Hydrogeology.pdf:application/pdf},
}

@article{blanchy2020resipy,
  title={ResIPy, an Intuitive Open Source Software for Complex Geoelectrical Inversion/Modeling},
  author={Blanchy, Guillaume and Saneiyan, Sina and Boyd, Jimmy and McLachlan, Paul and Binley, Andrew},
  journal = {Comput. \& Geosci.},
  volume={137},
  pages={104423},
  year={2020},
  publisher={Elsevier}
}

@article{dalton1984time,
  title={Time-domain reflectometry: Simultaneous measurement of soil water content and electrical conductivity with a single probe},
  author={Dalton, FN and Herkelrath, WN and Rawlins, DS and Rhoades, JD},
  journal = {Science},
  volume={224},
  number={4652},
  pages={989--990},
  year={1984},
  publisher={American Association for the Advancement of Science}
}

@incollection{wraith2008,
	location = {Singapore},
	title = {Time Domain Reflectometry: Salinity and Solute Measurement},
	isbn = {9781351249829},
	pages = {647--659},
	booktitle = {Encyclopedia of Water Science},
	publisher = {CRC Press},
	author = {Wraith, J.M.},
	editor = {Trimble, S.W.},
	year = {2007},
}

@article{nadler2005methodologies,
  title={Methodologies and the practical aspects of the bulk soil EC ($\sigma$a) --- soil solution EC ($\sigma$w) relations},
  author={Nadler, Arie},
  journal = {Adv. Agron.},
  volume={88},
  pages={273--312},
  year={2005},
  publisher={Elsevier}
}

@article{james2003determination,
  title={Determination of Soil Type Boundaries Using Electromagnetic Induction Scanning Techniques},
  author={James, IT and Waine, TW and Bradley, RI and Taylor, JC and Godwin, RJ},
  journal = {Biosyst. Eng.},
  volume={86},
  number={4},
  pages={421--430},
  year={2003},
  publisher={Elsevier}
}

@article{friedman2005soil,
  title={Soil Properties Influencing Apparent Electrical Conductivity: A Review},
  author={Friedman, Shmulik P},
  journal={Comput. Electron. Agric.},
  volume={46},
  number={1-3},
  pages={45--70},
  year={2005},
  publisher={Elsevier}
}

@misc{geonics2012em38,
  title={EM38--MK2 Ground Conductivity Meter Operating Manual},
  author={{Geonics Ltd}},
  journal={Geonics, Ltd.},
  year={2012},
  publisher={Canada Ontario}
}

@article{spectrum2009fieldscout,
  title={Fieldscout TDR 300 Soil Moisture Meter Product Manual},
  author={{Spectrum Technologies}},
  year={2009},
  publisher={Spectrum Technologies, Inc. Plainfield, IL}
}

@misc{acclima2019TDR315H,
	title = {Data Sheet: True {TDR}-315H Soil Water-Temperature-{BEC} Sensor},
	url = {https://acclima.com/wp-content/uploads/315H-datasheet.pdf},
	publisher = {{Acclima Inc.}},
	author = {{Acclima Inc.}},
	year = {2019},
	file = {315H-datasheet.pdf:C\:\\Users\\emily\\Zotero\\storage\\4LI57IAT\\315H-datasheet.pdf:application/pdf}
}

@misc{trimble2016Juno,
	title = {Datasheet - Juno 5 Series},
	url = {https://geospatial.trimble.com/sites/geospatial.trimble.com/files/2019-03/Datasheet},
	publisher = {Trimble},
	author = {Trimble},
	urldate = {2022-10-31},
	year = {2016},
	file = {Datasheet - Juno 5 Series - English A4- Screen.pdf:C\:\\Users\\emily\\Zotero\\storage\\PFWHIJ7T\\Datasheet - Juno 5 Series - English A4- Screen.pdf:application/pdf}
}

@misc{peters2012farmworks,
	title = {Farm Works Mobile with Geonics Sensors},
	publisher = {Farm Works},
	author = {Peters, Martin},
	year = {2012},
	file = {Farm Works Mobile with Geonics Sensors.pdf:C\:\\Users\\emily\\Zotero\\storage\\YJ3CBAMI\\Farm Works Mobile with Geonics Sensors.pdf:application/pdf},
}

@misc{garmin2009gpsmap,
	title = {GPSMAP 76CSx Owners Manual},
	url = {https://static.garmin.com/pumac/GPSMAP76CSx_OwnersManual.pdf},
	publisher = {Garmin Ltd.},
	author = {{Garmin Ltd.}},
	urldate = {2022-10-31},
	year = {2009},
	file = {GPSMAP76CSx_OwnersManual.pdf:C\:\\Users\\emily\\Zotero\\storage\\NKM32W7V\\GPSMAP76CSx_OwnersManual.pdf:application/pdf},
}

%below this is added from the other file -- not my sources but maybe required to make a bibliography

@incollection{acker_hidden_2002,
	title = {The hidden curriculum of dissertation advising},
	pages = {71--88},
	booktitle = {The hidden curriculum in higher education},
	publisher = {Routledge},
	author = {Acker, Sandra},
	date = {2002},
}

@article{blanton_midwifing_1983,
	title = {Midwifing the dissertation},
	volume = {10},
	pages = {74--77},
	number = {2},
	journal = {Teaching of Psychology},
	author = {Blanton, Judith S},
	date = {1983},
	note = {Publisher: Taylor \& Francis},
}

@book{borden_dissertation_2006,
	title = {The dissertation},
	publisher = {Routledge},
	author = {Borden, Iain},
	date = {2006},
}

@book{butin_education_2009,
	title = {The education dissertation: A guide for practitioner scholars},
	publisher = {Corwin Press},
	author = {Butin, Dan W},
	date = {2009},
}

@article{cassuto_advising_2010,
	title = {Advising the struggling dissertation student},
	volume = {57},
	pages = {51--53},
	number = {17},
	journal = {{TheChronicle} of Higher Education},
	author = {Cassuto, Leonard},
	date = {2010},
}

@misc{gajani_12_2014,
	title = {12 most famous Phd theses in history},
	author = {Gajani, A},
	date = {2014-04},
	note = {Published: Mr. Geek.me Web-blog},
}


@misc{mboxonline_phd_degrees_60_2022,
	title = {60 Famous Ph.D. Theses in History},
	author = {{{\textbackslash}mboxOnline PhD Degrees}},
	date = {2022-03},
	note = {Published: Online {PhD} Degrees (n.d.) Web-blog},
}

@book{roberts_dissertation_2010,
	title = {The dissertation journey: A practical and comprehensive guide to planning, writing, and defending your dissertation},
	publisher = {Corwin Press},
	author = {Roberts, Carol M},
	date = {2010},
}

@article{roediger_iii_great_2004,
	title = {Great dissertations: Mark I},
	volume = {17},
	number = {10},
	journal = {{APS} Observer},
	author = {Roediger {III}, Henry L},
	date = {2004},
}

@book{rudestam_surviving_2014,
	title = {Surviving your dissertation: A comprehensive guide to content and process},
	publisher = {Sage publications},
	author = {Rudestam, Kjell Erik and Newton, Rae R},
	date = {2014},
}

@book{knuth_tex_1986,
	title = {The {\textbackslash}{TeX} Book},
	publisher = {Addison-Wesley Professional},
	author = {Knuth, Donald E.},
	date = {1986},
}


@book{mittelbach_latex_2004,
	edition = {2},
	title = {The {\textbackslash}{LaTeX} Companion},
	publisher = {Addison-Wesley Professional},
	author = {Mittelbach, Frank and Gossens, Michel and Braams, Johannes and Carlisle, David and Rowley, Chris},
	date = {2004},
}

@book{lamport_latex_1994,
	edition = {Second},
	title = {{\textbackslash}{LaTeX}{\textbackslash} --- A Document Preparation System},
	publisher = {Addison-Wesley},
	author = {Lamport, Leslie},
	date = {1994},
}

@book{lamport_latex_1994-1,
	location = {Massachusetts},
	edition = {2},
	title = {{\textbackslash}{LaTeX}: a Document Preparation System},
	publisher = {Addison Wesley},
	author = {Lamport, Leslie},
	date = {1994},
}

@article{knuth_literate_1984,
	title = {Literate Programming},
	volume = {27},
	pages = {97--111},
	number = {2},
	journal = {The Computer Journal},
	author = {Knuth, Donald E.},
	date = {1984},
	note = {Publisher: Oxford University Press},
}

@inproceedings{lesk_computer_1977,
	location = {Dallas, Texas},
	title = {Computer Typesetting of Technical Journals on {UNIX}},
	pages = {879--888},
	booktitle = {Proceedings of American Federation of Information Processing Societies: 1977 National Computer Conference},
	author = {Lesk, Michael and Kernighan, Brian},
	date = {1977},
}

@misc{ams_using_2017,
	title = {Using the {\textbackslash}textttamsthm Package},
	author = {{AMS}},
	date = {2017-09},
	note = {Published: Version 2.20.3, Publications Technical Group, American Mathematical Society},
}

@thesis{calvo_using_2004,
	title = {{USING} {THE} {NDSU} {THESIS} {DOCUMENT} {CLASS} {FOR} {LATEX}},
	institution = {North Dakota State University},
	type = {phdthesis},
	author = {Calvo, Jorge Alberto},
	date = {2004},
}

@inproceedings{igathinathane_latex_2011,
	title = {{LaTeX} for Agricultural and Biological Engineers},
	pages = {1},
	booktitle = {2011 Louisville, Kentucky, August 7-10, 2011},
	publisher = {American Society of Agricultural and Biological Engineers},
	author = {Igathinathane, Cannayen},
	date = {2011},
}

@book{kopka_guide_2004,
	edition = {Fourth},
	title = {A Guide to {\textbackslash}{LaTeX}{\textbackslash} and Electronic Publishing},
	publisher = {Addison-Wesley},
	author = {Kopka, H and Daly, {PW}},
	date = {2004},
}

@book{oetiker_not_2021,
	title = {The Not So Short Introduction to {LaTeX}2e},
	author = {Oetiker, Tobias and Partl, Hubert and Hyna, Irene and Schlegl, Elisabeth},
	date = {2021},
}

@article{pires_what_2021,
	title = {What are teens doing with {YouTube}? Practices, uses and metaphors of the most popular audio-visual platform},
	volume = {24},
	pages = {1175--1191},
	number = {9},
	journal = {Inf., Commun. \& Soc.},
	author = {Pires, Fernanda and Masanet, Maria-Jose and Scolari, Carlos A},
	date = {2021},
	note = {Publisher: Taylor \& Francis},
}

@book{pakin_comprehensive_2021,
	title = {The Comprehensive {\textbackslash}{LaTeX}{\textbackslash} Symbol List},
	publisher = {{CTAN}. Documentation {URL}: https://tug.ctan.org/info/symbols/comprehensive/symbols-a4.pdf},
	author = {Pakin, Scott},
	date = {2021},
}

@book{chang_latexe_2014,
	title = {{\textbackslash}{LaTeXe}{\textbackslash} Cheat Sheet},
	publisher = {Documentation {URL}: https://wch.github.io/latexsheet/latexsheet.pdf},
	author = {Chang, Winston},
	date = {2014},
}

@book{wikibook_contributors_latex_2016,
	title = {{LaTeX}},
	publisher = {Online source Wikibooks},
	author = {{Wikibook Contributors}},
	date = {2016},
}

@book{goossens_latex_2008,
	title = {The {\textbackslash}{LaTeX}{\textbackslash} Graphics Companion},
	isbn = {0-321-50892-0},
	publisher = {Addison-Wesley Reading, {MA}},
	author = {Goossens, M. and Rahtz, S. and Mittelbach, F.},
	date = {2008},
}

@misc{kern_color_2007,
	title = {Color extensions with the xcolor package - pstricks examples},
	author = {Kern, U.},
	date = {2007},
}

@misc{kern_extending_2007,
	title = {Extending {\textbackslash}{LaTeX}'s color facilities: the xcolor package},
	author = {Kern, U.},
	date = {2007},
}

@book{mittelbach_latex_2004-1,
	title = {The {\textbackslash}{LaTeX}{\textbackslash}, Companion},
	publisher = {Addison-Wesley, Reading, Massachusetts, {US}},
	author = {Mittelbach, F. and Goossens, M. and Braams, J. and Carlisle, D. and Rowley, C.},
	date = {2004},
}

@book{mittelbach_latexe_2020,
	title = {{\textbackslash}{LaTeXe}{\textbackslash} for authors},
	publisher = {1995--2020, {\textbackslash}{LaTeX}{\textbackslash} Project Team. The {\textbackslash}{LaTeX}{\textbackslash} Project. Documentation {URL}: https://www.latex-project.org/help/documentation/usrguide.pdf},
	author = {Mittelbach, Frank},
	date = {2020-05},
}

@book{mittelbach_new_2022,
	title = {New {\textbackslash}{LaTeX}{\textbackslash} methods for authors (starting 2020)},
	publisher = {2020--2022, {\textbackslash}{LaTeX}{\textbackslash} Project Team. The {\textbackslash}{LaTeX}{\textbackslash} Project. Documentation {URL}: https://www.latex-project.org/help/documentation/usrguide3.pdf},
	author = {Mittelbach, Frank},
	date = {2022-02},
}

@book{elsevier_elsarticle_2020,
	title = {elsarticle --- A better way to format your document. The elsarticle documentation. Ver. 3.3},
	publisher = {Elsevier Ltd. The elsarticle documentation. {URL}: https://www.elsevier.com/authors/policies-and-guidelines/documents/elsdoc-1.pdf},
	author = {{Elsevier}},
	date = {2020-11},
}

@misc{daly_natural_2010,
	title = {Natural sciences citations and references (Author-Year and Numerical Schemes)},
	author = {Daly, Patrick W},
	date = {2010},
}

@article{bari_identification_2016,
	title = {Identification of heterotic patterns between expired proprietary, {NDSU}, and industry short-season maize inbred lines},
	volume = {16},
	pages = {274--281},
	journal = {Crop Breeding and Applied Biotechnology},
	author = {Bari, Mohammed {AA} and Carena, Marcelo J and Pereira, Messias G},
	date = {2016},
	note = {Publisher: {SciELO} Brasil},
}

@article{sharma_ndsu_2012,
	title = {{NDSU} {EarlyGEM}: Incorporating tropical and temperate elite exotic germplasm to increase the genetic diversity of short-season maize},
	volume = {57},
	pages = {24--42},
	number = {1},
	journal = {Maydica},
	author = {Sharma, Santosh and Carena, Marcelo J},
	date = {2012},
}

@article{baczkowski_ndsu_1990,
	title = {{NDSU} undergraduate design projects for the disabled.},
	volume = {26},
	pages = {95--99},
	journal = {Biomedical Sciences Instrumentation},
	author = {Baczkowski, {LS} and Enderle, {JD} and Krause, {DJ} and Rawson, {JL}},
	date = {1990},
}

@article{korsaeth2006height,
  title={Height above ground corrections of EM38 readings of soil apparent electrical conductivity},
  author={Korsaeth, A},
  journal={Acta Agric. Scandinavica Sect. B-Soil and Plant Sci.},
  volume={56},
  number={4},
  pages={333--336},
  year={2006},
  publisher={Taylor \& Francis}
}

@inproceedings{kaiser2008analysis,
  title={Analysis guide for variable frequency drive operated centrifugal pumps},
  author={Kaiser, Thomas F and Osman, Richard H and Dickau, Ralph O and others},
  booktitle={Proceedings of the 24th International Pump Users Symposium},
  year={2008},
  organization={Texas A\&M University. Turbomachinery Laboratories}
}

@article{scherer2010simple,
  title={A simple method to measure the flow rate and volume from tile drainage pump stations},
  author={Scherer, Thomas F and Jia, Xinhua},
  journal={Appl. Eng. Agric.},
  volume={26},
  number={1},
  pages={79-83},
  year={2010},
  publisher={American Society of Agricultural and Biological Engineers}
}

@article{kanwar1999automated,
  title={An automated system for monitoring the quality and quantity of subsurface drain flow},
  author={Kanwar, RS and Bjorneberg, D and Baker, D},
  journal={J. Agric. Eng. Res.},
  volume={73},
  number={2},
  pages={123-129},
  year={1999},
  publisher={Elsevier}
}

@misc{asabestand_2019pump,
	title = {{EP}369.1 : Design of Agricultural Drainage Pumping Plants},
	publisher = {St. Joseph, Mich.: {ASABE}},
	author = {{ASABE Standards}},
	year = {2019},
	langid = {english},
}

@misc{asabestand_2019tile,
	title = {{EP}260.5 : Design and Construction of Subsurface Drainage Systems on Agricultural Lands in Humid Areas},
	publisher = {St. Joseph, Mich.: {ASABE}},
	author = {{ASABE Standards}},
	year = {2019},
}

@article{hebblethwaite2008progress,
  title={Progress in best management practices},
  author={Hebblethwaite, John F and Somody, Carol N},
  journal={The Triazine Herbicides},
  volume={50},
  pages={501-517},
  year={2008},
  publisher={Elsevier}
}

@article{rhoades1974drainage,
  title={Drainage for salinity control},
  author={Rhoades, JD},
  journal={Drainage for Agriculture},
  volume={17},
  pages={433--461},
  year={1974},
  publisher={Wiley Online Library}
}

@article{maas2022subsurface,
  title={Subsurface drainage reduces the amount and interannual variability of optimum nitrogen fertilizer input to maize cropping systems in southeast Iowa, USA},
  author={Maas, Ellen DvL and Archontoulis, Sotirios V and Helmers, Matthew J and Iqbal, Javed and Pederson, Carl H and Poffenbarger, Hanna J and Tebockhorst, Kristina J and Castellano, Michael J},
  journal={Field Crops Res.},
  volume={288},
  pages={108663},
  year={2022},
  publisher={Elsevier}
}

@article{castellano2019sustainable,
  title={Sustainable intensification of agricultural drainage},
  author={Castellano, Michael J and Archontoulis, Sotirios V and Helmers, Matthew J and Poffenbarger, Hanna J and Six, Johan},
  journal={Nat. Sustainability},
  volume={2},
  number={10},
  pages={914--921},
  year={2019},
  publisher={Nature Publishing Group}
}


@article{baker_nitrate_1975,
	title = {Nitrate, Phosphorus, and Sulfate in Subsurface Drainage Water},
	volume = {4},
	issn = {0047-2425, 1537-2537},
	url = {https://onlinelibrary.wiley.com/doi/abs/10.2134/jeq1975.00472425000400030027x},
	doi = {10.2134/jeq1975.00472425000400030027x},
	pages = {406-412},
	number = {3},
	journaltitle = {J. Environ. Qual.},
	author = {Baker, J. L. and Campbell, K. L. and Johnson, H. P. and Hanway, J. J.},
	year = {1975},
}

@article{bottcher1981nutrient,
  title={Nutrient and sediment loadings from a subsurface drainage system},
  author={Bottcher, AB and Monke, EJ and Huggins, LF},
  journal={Transactions of the ASAE},
  volume={24},
  number={5},
  pages={1221-1226},
  year={1981},
  publisher={American Society of Agricultural and Biological Engineers}
}

@article{gilliam1999water,
  title={Water quality effects of drainage in humid regions},
  author={Gilliam, JW and Baker, JL and Reddy, KR},
  journal={Agricultural Drainage},
  volume={38},
  pages={801-830},
  year={1999},
  publisher={Wiley Online Library}
}

@incollection{blair_variable_2017,
	location = {Hoboken, {NJ}, {USA}},
	edition = {First},
	title = {Variable Frequency Drive Systems},
	isbn = {978-1-119-23804-1 978-1-119-23800-3},
	pages = {441-466},
	booktitle = {Energy Production Systems Engineering: An Introduction for Electrical Engineers to Electrical Power Generation Facilities, Systems, and Equipment},
	publisher = {John Wiley \& Sons, Inc.},
	author = {Blair, Thomas H.},
	year = {2017},
	doi = {10.1002/9781119238041.ch18},
}

@unpublished{scherer_2022_ClassPres,
	location = {North Dakota State University},
	title = {Design of Tile Drainage Pump Stations},
	type = {In-Person},
	howpublished = {In-Person},
	note = {{NDSU} {ABEN}484/684 Class},
	author = {Scherer, T.F.},
	year = {2022},
}

@book{mott2015applied,
  title={Applied Fluid Mechanics},
  author={Mott, Robert L and Untener, Joseph A},
  year={2015},
  publisher={Pearson Higher Ed}
}

@article{barfield1986tipping,
  title={Tipping bucket flow measurements on erosion plots},
  author={Barfield, BJ and Hirschi, MC},
  journal={Trans. {ASAE}},
  volume={29},
  number={6},
  pages={1600-1604},
  year={1986},
  publisher={American Society of Agricultural and Biological Engineers}
}

@incollection{usdi_2001,
	edition = {Revised 3rd},
	title = {Measurements in Pressure Conduits: Trajectory Methods},
	booktitle = {Water Measurement Manual},
	publisher = {U.S. Government Printing Office},
	author = {{U.S. Department of the Interior} and {Bureau of Reclamation}},
	year = {2001},
}

@article{boman2006water,
  title={Water measurement for agricultural irrigation and drainage systems},
  author={Boman, Brian and Shukla, Sanjay},
  journal={EDIS},
  volume={2006},
  number={17},
  year={2006}
}

@misc{erbele_drainge2020,
	title = {Drainge Permitting Definitions},
	publisher = {North Dakota State Engineer},
	author = {{Erbele, P.E.}, Garland},
	year = {2020},
}


@techreport{ndcc_2021,
	title = {N.D. Cent. Code},
	code = {61-32},
	chapter = {61},
	section = {32},
	year = {{2021-2022}},
}

@collection{national_research_council_us_new_2012,
	location = {Washington, D.C},
	title = {New research opportunities in the earth sciences},
	isbn = {978-0-309-21924-2},
	pagetotal = {117},
	publisher = {National Academies Press},
	editor = {National Research Council (U.S.)},
	date = {2012},
	note = {{OCLC}: ocn774492433},
	keywords = {Earth sciences, Interdisciplinary research, Research, United States},
}






@book{national2018future,
  title={Future water priorities for the nation: Directions for the US geological survey water mission area},
  author={National Academies of Sciences, Engineering, and Medicine and others},
  year={2018},
  publisher={National Academies Press}
}

@article{whalley2013measurement,
  title={Measurement of the matric potential of soil water in the rhizosphere},
  author={Whalley, WR and Ober, ES and Jenkins, M},
  journal={Journal of experimental botany},
  volume={64},
  number={13},
  pages={3951--3963},
  year={2013},
  publisher={Oxford University Press UK}
}

@article{mares2016examining,
  title={Examining diel patterns of soil and xylem moisture using electrical resistivity imaging},
  author={Mares, Rachel and Barnard, Holly R and Mao, Deqiang and Revil, Andr{\'e} and Singha, Kamini},
  journal={J. Hydrol.},
  volume={536},
  pages={327--338},
  year={2016},
  publisher={Elsevier}
}

@book{driscoll_groundwater_1986,
	location = {St. Paul, Minn},
	edition = {2nd ed},
	title = {Groundwater and wells},
	isbn = {978-0-9616456-0-1},
	pagetotal = {1089},
	publisher = {Johnson Division},
	author = {Driscoll, Fletcher G.},
	date = {1986},
	keywords = {Groundwater, Wells},
}