@misc{NDCC_2021_22,
author = {{NDCC-Drainage}},
title = {{N.D. Cent. Code {\S} 61-32}},
year = {2021},
howpublished = {ND Century Code Chapter 61, Section 32: Updated codes and legislation from 2021. URL: https://www.ndlegis.gov/ }
}

@misc{NDCC_2013,
author = {{NDCC-Drainage}},
title = {{N.D. Cent. Code {\S} 61-32-07}},
year = {2013},
howpublished = {ND Century Code Chapter 61, Section 32: Updated codes and legislation from 2021. URL: https://www.ndlegis.gov/ }
}

@misc{NDCC_2021_Waterbank,
author = {{NDCC-Waterbank Program}},
title = {{N.D. Cent. Code {\S} 61-31}},
year = {2021},
howpublished = {ND Century Code Chapter 61, Section 31: Updated codes and legislation from 2021. URL: https://www.ndlegis.gov/ }
}

@misc{NRCS_2022_Waterbank,
    author = {{USDA}},
    title = {{Title 440 - Conservation Programs Manual, Part 526 - NRCS Grants (440-526-M, 2nd Ed., Amend. 4, March 2022)}},
    year = {2022},
    howpublished = {NRCS Conservation Programs Manual Part 526 from 2022. URL: https://www.nrcs.usda.gov/wetland-mitigation-banking-program},
    url = {https://directives.sc.egov.usda.gov/OpenNonWebContent.aspx?content=48022.wba}
}

@article{pearce_intra-annual_2016,
	title = {Intra-annual variation of the association between agricultural best management practices and stream nutrient concentrations {\textbar} Elsevier Enhanced Reader},
	volume = {586},
	doi = {10.1016/j.scitotenv.2017.02.102},
	pages = {1124--1134},
	journal = {Sci. Total Environ.},
	author = {Pearce, Nolan J.T. and Yates, Adam G.},
	year = {2016}
}

@article{kavvas_governing_2017,
	title = {Governing equations of transient soil water flow and soil water flux in multi-dimensional fractional anisotropic media and fractional time},
	volume = {21},
	issn = {1607-7938},
	url = {https://hess.copernicus.org/articles/21/1547/2017/},
	doi = {10.5194/hess-21-1547-2017},
	pages = {1547--1557},
	number = {3},
	journal = {Hydrol. and Earth Syst. Sci.},
	shortjournal = {Hydrol. Earth Syst. Sci.},
	author = {Kavvas, M. Levent and Ercan, Ali and Polsinelli, James},
	urldate = {2022-01-31},
	year = {2017-03-13},
	langid = {english},
}

@article{xin_analytical_2016,
	title = {An Analytical Solution for Predicting the Transient Seepage from a Subsurface Drainage System},
	volume = {91},
	issn = {03091708},
	url = {https://linkinghub.elsevier.com/retrieve/pii/S0309170816300562},
	doi = {10.1016/j.advwatres.2016.03.006},
	pages = {1--10},
	journal = {Adv. in Water Resour.},
	shortjournal = {Advances in Water Resources},
	author = {Xin, Pei and Dan, Han-Cheng and Zhou, Tingzhang and Lu, Chunhui and Kong, Jun and Li, Ling},
	urldate = {2022-01-31},
	year = {2016-05},
	langid = {english},
}

@article{jia_subirrigation_2017,
	title = {Subirrigation System Performance and Evaluation in the Red River Valley of the North},
	volume = {33},
	issn = {1943-7838},
	url = {http://elibrary.asabe.org/abstract.asp?AID=48630&t=3&dabs=Y&redir=&redirType=},
	doi = {10.13031/aea.12286},
	pages = {811--818},
	number = {6},
	journal = {Appl. Eng. Agric.},
	author = {Jia, Xinhua and Scherer, Thomas F. and Steele, Dean D. and {DeSutter}, Thomas M.},
	urldate = {2022-02-04},
	year = {2017},
	langid = {english},
}

@article{jorjani_physical_1991,
	title = {Physical and economic benefits of subsurface drainage by soil type in eastern Ontario},
	volume = {19},
	issn = {03783774},
	url = {https://linkinghub.elsevier.com/retrieve/pii/037837749190044J},
	doi = {10.1016/0378-3774(91)90044-J},
	pages = {235--251},
	number = {3},
	journal = {Agric. Water Mgmt.},
	shortjournal = {Agricultural Water Management},
	author = {Jorjani, H. and van Vuuren, W.},
	urldate = {2022-02-08},
	year = {1991-04},
	langid = {english},
}

@article{pali_unsteady_2014,
	title = {An Unsteady Subsurface Drainage Equation Incorporating Variability of Soil Drainage Properties},
	volume = {28},
	issn = {0920-4741, 1573-1650},
	url = {http://link.springer.com/10.1007/s11269-014-0631-1},
	doi = {10.1007/s11269-014-0631-1},
	pages = {2639--2653},
	number = {9},
	journal = {Water Resour. Mgmt.},
	shortjournal = {Water Resour Manage},
	author = {Pali, Ashok Kumar and Katre, Praful and Khalkho, Dhiraj},
	urldate = {2022-02-08},
	year = {2014-07},
	langid = {english},
}

@misc{wright_planning_2001,
	title = {Planning an Agricultural Subsurface Drainage System (Publication Series)},
	publisher = {Regents of the University of Minnesota},
	author = {Wright, Jerry and Sands, Gary},
	year = {2001},
	langid = {english},
}

@article{cihacek_evaluation_nodate,
	title = {Evaluation of Soils for Suitability for Tile Drainage Performance},
	pages = {12},
	author = {Cihacek, L J and Kalwar, N and Scherer, T},
	langid = {english}
}

@book{allison_diagnosis_1954,
	location = {Washington, D.C.},
	title = {Diagnosis and imporovement of saline and alkaline soils},
	series = {Agriculture Handbook},
	number = {60},
	publisher = {U.S. Governement Printing Office},
	author = {U.S. Department of Agriculture},
	editor = {Richards, L. A.},
	editora = {Allison, L E and Brown, J W and Hayward, H E and Richards, A and Bernstein, L and Fireman, M and Pearson, G A and Bower, C A and Hatcher, J T and Reeve, R C},
	editoratype = {collaborator},
	year = {1954},
	langid = {english},
}

@article{guitjens_drainage_1997,
	title = {Drainage Design for Water Quality Management: Overview},
	volume = {123},
	issn = {0733-9437, 1943-4774},
	url = {http://ascelibrary.org/doi/10.1061/},	doi = {10.1061/(ASCE)0733-9437(1997)123:3(148)},
	shorttitle = {Drainage Design for Water Quality Management},
	pages = {148--153},
	number = {3},
	journal = {J. Irrig. Drain. Eng.},
	shortjournal = {Journal of Irrigation and Drainage Engineering},
	author = {Guitjens, J. C. and Ayars, J. E. and Grismer, M. E. and Willardson, L. S.},
	urldate = {2022-03-01},
	year = {1997-05},
	langid = {english},
}

@article{skaggs2006drainage,
  title={Drainage design coefficients for eastern United States},
  author={Skaggs, R Wayne and Youssef, MA and Chescheir, GM},
  journal={Agricultural water management},
  volume={86},
  number={1-2},
  pages={40-49},
  year={2006},
  publisher={Elsevier}
}

@article{skaggs_criteria_2007,
	title = {Criteria for Calculating Drain Spacing and Depth},
	volume = {50},
	issn = {2151-0040},
	url = {http://elibrary.asabe.org/abstract.asp??JID=3&AID=23971&CID=t2007&v=50&i=5&T=1},
	doi = {10.13031/2013.23971},
	pages = {1657--1662},
	number = {5},
	journal = {Trans. {ASABE}},
	author = {Skaggs, R.W.},
	urldate = {2022-03-01},
	year = {2007},
	langid = {english},
}

@article{ribbens_drain_2002,
	title = {Drain Spacing Design Taking into Account Mass Balance},
	volume = {45},
	issn = {2151-0059},
	url = {http://elibrary.asabe.org/abstract.asp??JID=3&AID=9949&CID=t2002&v=45&i=4&T=1},
	doi = {10.13031/2013.9949},
	number = {4},
	journal = {Trans {ASAE}},
	author = {Ribbens, R.W. and Garcia, L.A.},
	urldate = {2022-03-01},
	year = {2002},
	langid = {english},
}

@article{philip_theory_1968,
	title = {The theory of absorption in aggregated media},
	volume = {6},
	issn = {1838-675X},
	url = {http://www.publish.csiro.au/?paper=SR9680001},
	doi = {10.1071/SR9680001},
	pages = {1},
	number = {1},
	journal = {Soil Res.},
	shortjournal = {Soil Res.},
	author = {Philip, Jr},
	urldate = {2022-03-07},
	year = {1968},
	langid = {english},
	file = {Philip - 1968 - The theory of absorption in aggregated media.pdf:C\:\\Users\\emily\\Zotero\\storage\\2WJBHHFN\\Philip - 1968 - The theory of absorption in aggregated media.pdf:application/pdf},
}

@article{buckland_comparison_1986,
	title = {Comparison of Methods for Determining Saturated Hydraulic Conductivity and Drainable Porosity of Two Southern Alberta Soils},
	volume = {66},
	issn = {0008-4271, 1918-1841},
	url = {http://www.nrcresearchpress.com/doi/10.4141/cjss86-027},
	doi = {10.4141/cjss86-027},
	pages = {249--259},
	number = {2},
	journal = {Canadian J. Soil Sci.},
	shortjournal = {Can. J. Soil. Sci.},
	author = {Buckland, G. D. and Harker, D. B. and Sommerfeldt, T. G.},
	urldate = {2022-03-07},
	year = {1986-05-01},
	langid = {english},
	file = {Buckland et al. - 1986 - COMPARISON OF METHODS FOR DETERMINING SATURATED HY.pdf:C\:\\Users\\emily\\Zotero\\storage\\TTZ8U2U2\\Buckland et al. - 1986 - COMPARISON OF METHODS FOR DETERMINING SATURATED HY.pdf:application/pdf},
}

@article{dumm1954drain,
  title={Drain spacing formula, New formula for determining depth and spacing of sub-surface drain in irrigated land},
  author={Dumm, L.D.},
  journal={Agric. Eng.},
  volume={25},
  number={4},
  pages={726-730},
  year={1954}
}

@article{van1963design,
  title={Design of tile drainage for falling water tables},
  author={Van Schilfgaarde, Jan},
  journal={J. Irrig. Drain. Div.},
  volume={89},
  number={2},
  pages={1-12},
  year={1963},
  publisher={American Society of Civil Engineers}
}

@article{dumm1964transient,
  title={Transient-flow concept in subsurface drainage: Its validity and use},
  author={Dumm, L.D.},
  journal={Trans. ASAE},
  volume={7},
  number={2},
  pages={142-146},
  year={1964},
  publisher={American Society of Agricultural and Biological Engineers}
}

@article{french1966field,
  title={A field test of drain spacing equations for agricultural land},
  author={French, BE and O'Callaghan, JR},
  journal={J. Agric. Eng. Res.},
  volume={11},
  number={4},
  pages={282-295},
  year={1966},
  publisher={Elsevier}
}

@article{gaj_influence_nodate,
	title = {Influence of Subsurface Pipe Perforations on Transient Water Table Response and Steady Soil-Water Flux Under Subirrigation},
	doi = {10.13031/ja.14803},
	journal = {J. {ASABE}},
	author = {Gaj, Naresh and Madramootoo, Chandra A.},
	file = {Gaj and Madramootoo - Influence of Subsurface Pipe Perforations on Trans.pdf:C\:\\Users\\emily\\Zotero\\storage\\5X7LZ24T\\Gaj and Madramootoo - Influence of Subsurface Pipe Perforations on Trans.pdf:application/pdf},
}

@article{gaj_simulating_2021,
	title = {Simulating upward soil-water flow from buried pipes with variable hydraulic characteristics},
	volume = {158},
	issn = {03091708},
	url = {https://linkinghub.elsevier.com/retrieve/pii/S0309170821002268},
	doi = {10.1016/j.advwatres.2021.104074},
	pages = {104074},
	journal = {Adv. in Water Resour.},
	shortjournal = {Advances in Water Resources},
	author = {Gaj, Naresh and Madramootoo, Chandra A.},
	urldate = {2022-04-05},
	year = {2021-12},
	langid = {english},
	file = {Gaj and Madramootoo - 2021 - Simulating upward soil-water flow from buried pipe.pdf:C\:\\Users\\emily\\Zotero\\storage\\YZ58LCBT\\Gaj and Madramootoo - 2021 - Simulating upward soil-water flow from buried pipe.pdf:application/pdf},
}

@article{gaj_effects_2020,
	title = {Effects of Perforation Geometry on Pipe Drainage in Agricultural Lands},
	volume = {146},
	issn = {0733-9437, 1943-4774},
	url = {http://ascelibrary.org/doi/10.1061/},	doi = {10.1061/(ASCE)IR.1943-4774.0001482},
	pages = {04020015},
	number = {7},
	journal = {J. Irrig. Drain. Eng.},
	shortjournal = {J. Irrig. Drain Eng.},
	author = {Gaj, Naresh and Madramootoo, Chandra A.},
	urldate = {2022-04-05},
	year = {2020-07},
	langid = {english},
	file = {Gaj and Madramootoo - 2020 - Effects of Perforation Geometry on Pipe Drainage i.pdf:C\:\\Users\\emily\\Zotero\\storage\\X6E35S32\\Gaj and Madramootoo - 2020 - Effects of Perforation Geometry on Pipe Drainage i.pdf:application/pdf},
}

@incollection{madramootoo_2015,
	location = {Madison, {WI}, {USA}},
	title = {Planning and Design of Drainage Systems},
	isbn = {978-0-89118-230-6 978-0-89118-141-5},
	pages = {871-892},
	booktitle = {Agronomy Monographs},
	publisher = {American Society of Agronomy, Crop Science Society of America, Soil Science Society of America},
	author = {Madramootoo, C.A.},
	editor = {Skaggs, R.W. and van Schilfgaarde, J.},
	year = {2015},
	doi = {10.2134/agronmonogr38.c26},
}

@article{kanwar_automated_1999,
	title = {An Automated System for monitoring the Quality and Quantity of Subsurface Drain Flow},
	volume = {73},
	issn = {00218634},
	url = {https://linkinghub.elsevier.com/retrieve/pii/S0021863498903985},
	doi = {10.1006/jaer.1998.0398},
	pages = {123--129},
	number = {2},
	journal = {J. Agric. Eng. Res.},
	shortjournal = {Journal of Agricultural Engineering Research},
	author = {Kanwar, R.S. and Bjorneberg, D. and Baker, D.},
	urldate = {2022-08-24},
	year = {1999-06},
	langid = {english},
	file = {Kanwar et al. - 1999 - An Automated System for monitoring the Quality and.pdf:C\:\\Users\\emily\\Zotero\\storage\\BMAMNR6J\\Kanwar et al. - 1999 - An Automated System for monitoring the Quality and.pdf:application/pdf},
}

@article{kaiser_analysis_2008,
	title = {Analysis Guide for Variable Frequency Drive Operated Centrifugal Pumps},
	pages = {26},
	journal = {Texas A\&M University},
	author = {Kaiser, Thomas F and Osman, Richard H and Dickau, Ralph O},
	year = {2008},
	langid = {english},
	file = {Kaiser et al. - 2008 - ANALYSIS GUIDE FOR VARIABLE FREQUENCY DRIVE OPERAT.pdf:C\:\\Users\\emily\\Zotero\\storage\\7DXQANIH\\Kaiser et al. - 2008 - ANALYSIS GUIDE FOR VARIABLE FREQUENCY DRIVE OPERAT.pdf:application/pdf},
}

@inproceedings{thiruchelvam2017fluids,
  title={Fluids vertical transfer utilizing VFD based centrifugal pumps},
  author={Thiruchelvam, Vinesh and Hong, Lim Min},
  booktitle={Journal of Physics: Conference Series},
  volume={822},
  number={1},
  pages={012062},
  year={2017},
  organization={IOP Publishing}
}

@article{soultani1993measuring,
  title={Measuring and sampling surface runoff and subsurface drain outflow volume},
  author={Soultani, M and Tan, CS and Gaynor, JD and Neveu, R and Drury, CF},
  journal={Appl. Eng. Agric.},
  volume={9},
  number={5},
  pages={447--450},
  year={1993},
  publisher={American Society of Agricultural and Biological Engineers}
}

%below this is added from the other file -- not my sources but maybe required to make a bibliography

@incollection{acker_hidden_2002,
	title = {The hidden curriculum of dissertation advising},
	pages = {71--88},
	booktitle = {The hidden curriculum in higher education},
	publisher = {Routledge},
	author = {Acker, Sandra},
	year = {2002},
}

@article{blanton_midwifing_1983,
	title = {Midwifing the dissertation},
	volume = {10},
	pages = {74--77},
	number = {2},
	journal = {Teaching of Psychology},
	author = {Blanton, Judith S},
	year = {1983},
	note = {Publisher: Taylor \& Francis},
}

@book{borden_dissertation_2006,
	title = {The dissertation},
	publisher = {Routledge},
	author = {Borden, Iain},
	year = {2006},
}

@book{butin_education_2009,
	title = {The education dissertation: A guide for practitioner scholars},
	publisher = {Corwin Press},
	author = {Butin, Dan W},
	year = {2009},
}

@article{cassuto_advising_2010,
	title = {Advising the struggling dissertation student},
	volume = {57},
	pages = {51--53},
	number = {17},
	journal = {{TheChronicle} of Higher Education},
	author = {Cassuto, Leonard},
	year = {2010},
}

@misc{gajani_12_2014,
	title = {12 most famous Phd theses in history},
	author = {Gajani, A},
	year = {2014-04},
	note = {Published: Mr. Geek.me Web-blog},
}

@misc{mboxonline_phd_degrees_60_2022,
	title = {60 Famous Ph.D. Theses in History},
	author = {Anonymous},
	year = {2022-03},
	note = {Published: Online {PhD} Degrees (n.d.) Web-blog},
}

@book{roberts_dissertation_2010,
	title = {The dissertation journey: A practical and comprehensive guide to planning, writing, and defending your dissertation},
	publisher = {Corwin Press},
	author = {Roberts, Carol M},
	year = {2010},
}

@article{roediger_iii_great_2004,
	title = {Great dissertations: Mark I},
	volume = {17},
	number = {10},
	journal = {{APS} Observer},
	author = {Roediger {III}, Henry L},
	year = {2004},
}

@book{rudestam_surviving_2014,
	title = {Surviving your dissertation: A comprehensive guide to content and process},
	publisher = {Sage publications},
	author = {Rudestam, Kjell Erik and Newton, Rae R},
	year = {2014},
}

@book{knuth_tex_1986,
	title = {The {\textbackslash}{TeX} Book},
	publisher = {Addison-Wesley Professional},
	author = {Knuth, Donald E.},
	year = {1986},
}


@book{mittelbach_latex_2004,
	edition = {2},
	title = {The {\textbackslash}{LaTeX} Companion},
	publisher = {Addison-Wesley Professional},
	author = {Mittelbach, Frank and Gossens, Michel and Braams, Johannes and Carlisle, David and Rowley, Chris},
	year = {2004},
}

@book{lamport_latex_1994,
	edition = {Second},
	title = {{\textbackslash}{LaTeX}{\textbackslash} --- A Document Preparation System},
	publisher = {Addison-Wesley},
	author = {Lamport, Leslie},
	year = {1994},
}

@book{lamport_latex_1994-1,
	location = {Massachusetts},
	edition = {2},
	title = {{\textbackslash}{LaTeX}: a Document Preparation System},
	publisher = {Addison Wesley},
	author = {Lamport, Leslie},
	year = {1994},
}

@article{knuth_literate_1984,
	title = {Literate Programming},
	volume = {27},
	pages = {97--111},
	number = {2},
	journal = {The Computer Journal},
	author = {Knuth, Donald E.},
	year = {1984},
	note = {Publisher: Oxford University Press},
}

@inproceedings{lesk_computer_1977,
	location = {Dallas, Texas},
	title = {Computer Typesetting of Technical Journals on {UNIX}},
	pages = {879--888},
	booktitle = {Proceedings of American Federation of Information Processing Societies: 1977 National Computer Conference},
	author = {Lesk, Michael and Kernighan, Brian},
	year = {1977},
}

@misc{ams_using_2017,
	title = {Using the {\textbackslash}textttamsthm Package},
	author = {{AMS}},
	year = {2017-09},
	note = {Published: Version 2.20.3, Publications Technical Group, American Mathematical Society},
}

@thesis{calvo_using_2004,
	title = {{USING} {THE} {NDSU} {THESIS} {DOCUMENT} {CLASS} {FOR} {LATEX}},
	institution = {North Dakota State University},
	type = {phdthesis},
	author = {Calvo, Jorge Alberto},
	year = {2004},
}

@inproceedings{igathinathane_latex_2011,
	title = {{LaTeX} for Agricultural and Biological Engineers},
	pages = {1},
	booktitle = {2011 Louisville, Kentucky, August 7-10, 2011},
	publisher = {American Society of Agricultural and Biological Engineers},
	author = {Igathinathane, Cannayen},
	year = {2011},
}

@book{kopka_guide_2004,
	edition = {Fourth},
	title = {A Guide to {\textbackslash}{LaTeX}{\textbackslash} and Electronic Publishing},
	publisher = {Addison-Wesley},
	author = {Kopka, H and Daly, {PW}},
	year = {2004},
}

@book{oetiker_not_2021,
	title = {The Not So Short Introduction to {LaTeX}2e},
	author = {Oetiker, Tobias and Partl, Hubert and Hyna, Irene and Schlegl, Elisabeth},
	year = {2021},
}

@book{pakin_comprehensive_2021,
	title = {The Comprehensive {\textbackslash}{LaTeX}{\textbackslash} Symbol List},
	publisher = {{CTAN}. Documentation {URL}: https://tug.ctan.org/info/symbols/comprehensive/symbols-a4.pdf},
	author = {Pakin, Scott},
	year = {2021},
}

@book{chang_latexe_2014,
	title = {{\textbackslash}{LaTeXe}{\textbackslash} Cheat Sheet},
	publisher = {Documentation {URL}: https://wch.github.io/latexsheet/latexsheet.pdf},
	author = {Chang, Winston},
	year = {2014},
}

@book{wikibook_contributors_latex_2016,
	title = {{LaTeX}},
	publisher = {Online source Wikibooks},
	author = {{Wikibook Contributors}},
	year = {2016},
}

@book{goossens_latex_2008,
	title = {The {\textbackslash}{LaTeX}{\textbackslash} Graphics Companion},
	isbn = {0-321-50892-0},
	publisher = {Addison-Wesley Reading, {MA}},
	author = {Goossens, M. and Rahtz, S. and Mittelbach, F.},
	year = {2008},
}

@misc{kern_color_2007,
	title = {Color extensions with the xcolor package - pstricks examples},
	author = {Kern, U.},
	year = {2007},
}

@misc{kern_extending_2007,
	title = {Extending {\textbackslash}{LaTeX}'s color facilities: the xcolor package},
	author = {Kern, U.},
	year = {2007},
}

@book{mittelbach_latex_2004-1,
	title = {The {\textbackslash}{LaTeX}{\textbackslash}, Companion},
	publisher = {Addison-Wesley, Reading, Massachusetts, {US}},
	author = {Mittelbach, F. and Goossens, M. and Braams, J. and Carlisle, D. and Rowley, C.},
	year = {2004},
}

@book{mittelbach_latexe_2020,
	title = {{\textbackslash}{LaTeXe}{\textbackslash} for authors},
	publisher = {1995--2020, {\textbackslash}{LaTeX}{\textbackslash} Project Team. The {\textbackslash}{LaTeX}{\textbackslash} Project. Documentation {URL}: https://www.latex-project.org/help/documentation/usrguide.pdf},
	author = {Mittelbach, Frank},
	year = {2020-05},
}

@book{mittelbach_new_2022,
	title = {New {\textbackslash}{LaTeX}{\textbackslash} methods for authors (starting 2020)},
	publisher = {2020--2022, {\textbackslash}{LaTeX}{\textbackslash} Project Team. The {\textbackslash}{LaTeX}{\textbackslash} Project. Documentation {URL}: https://www.latex-project.org/help/documentation/usrguide3.pdf},
	author = {Mittelbach, Frank},
	year = {2022-02},
}

@book{elsevier_elsarticle_2020,
	title = {elsarticle --- A better way to format your document. The elsarticle documentation. Ver. 3.3},
	publisher = {Elsevier Ltd. The elsarticle documentation. {URL}: https://www.elsevier.com/authors/policies-and-guidelines/documents/elsdoc-1.pdf},
	author = {{Elsevier}},
	year = {2020-11},
}

@misc{daly_natural_2010,
	title = {Natural sciences citations and references (Author-Year and Numerical Schemes)},
	author = {Daly, Patrick W},
	year = {2010},
}

@inproceedings{kaiser2008analysis,
  title={Analysis guide for variable frequency drive operated centrifugal pumps},
  author={Kaiser, Thomas F and Osman, Richard H and Dickau, Ralph O and others},
  booktitle={Proceedings of the 24th International Pump Users Symposium},
  year={2008},
  organization={Texas A\&M University. Turbomachinery Laboratories}
}

@article{scherer2010simple,
  title={A simple method to measure the flow rate and volume from tile drainage pump stations},
  author={Scherer, Thomas F. and Jia, Xinhua},
  journal={Appl. Eng. Agric.},
  volume={26},
  number={1},
  pages={79-83},
  year={2010},
  publisher={American Society of Agricultural and Biological Engineers}
}


@misc{asabestand_2019pump,
	title = {{EP}369.1 : Design of Agricultural Drainage Pumping Plants},
	publisher = {St. Joseph, Mich.: {ASABE}},
	author = {{ASABE Standards}},
	year = {2019},
	langid = {english},
}

@misc{asabestand_2019tile,
	title = {{EP}260.5 : Design and Construction of Subsurface Drainage Systems on Agricultural Lands in Humid Areas},
	publisher = {St. Joseph, Mich.: {ASABE}},
	author = {{ASABE Standards}},
	year = {2019},
}

@article{hebblethwaite2008progress,
  title={Progress in best management practices},
  author={Hebblethwaite, John F and Somody, Carol N},
  journal={The Triazine Herbicides},
  volume={50},
  pages={501-517},
  year={2008},
  publisher={Elsevier}
}

@article{rhoades1974drainage,
  title={Drainage for salinity control},
  author={Rhoades, JD},
  journal={Drainage for Agriculture},
  volume={17},
  pages={433--461},
  year={1974},
  publisher={Wiley Online Library}
}

@article{maas2022subsurface,
  title={Subsurface drainage reduces the amount and interannual variability of optimum nitrogen fertilizer input to maize cropping systems in southeast Iowa, USA},
  author={Maas, Ellen DvL and Archontoulis, Sotirios V and Helmers, Matthew J and Iqbal, Javed and Pederson, Carl H and Poffenbarger, Hanna J and Tebockhorst, Kristina J and Castellano, Michael J},
  journal={Field Crops Res.},
  volume={288},
  pages={108663},
  year={2022},
  publisher={Elsevier}
}

@article{castellano2019sustainable,
  title={Sustainable intensification of agricultural drainage},
  author={Castellano, Michael J and Archontoulis, Sotirios V and Helmers, Matthew J and Poffenbarger, Hanna J and Six, Johan},
  journal={Nat. Sustainability},
  volume={2},
  number={10},
  pages={914--921},
  year={2019},
  publisher={Nature Publishing Group}
}


@article{baker_nitrate_1975,
	title = {Nitrate, Phosphorus, and Sulfate in Subsurface Drainage Water},
	volume = {4},
	issn = {0047-2425, 1537-2537},
	url = {https://onlinelibrary.wiley.com/doi/abs/10.2134/jeq1975.00472425000400030027x},
	doi = {10.2134/jeq1975.00472425000400030027x},
	pages = {406-412},
	number = {3},
	journaltitle = {J. Environ. Qual.},
	author = {Baker, J. L. and Campbell, K. L. and Johnson, H. P. and Hanway, J. J.},
	year = {1975},
}

@article{bottcher1981nutrient,
  title={Nutrient and sediment loadings from a subsurface drainage system},
  author={Bottcher, AB and Monke, EJ and Huggins, LF},
  journal={Transactions of the ASAE},
  volume={24},
  number={5},
  pages={1221-1226},
  year={1981},
  publisher={American Society of Agricultural and Biological Engineers}
}

@article{gilliam1999water,
  title={Water quality effects of drainage in humid regions},
  author={Gilliam, JW and Baker, JL and Reddy, KR},
  journal={Agricultural Drainage},
  volume={38},
  pages={801-830},
  year={1999},
  publisher={Wiley Online Library}
}

@incollection{blair_variable_2017,
	location = {Hoboken, {NJ}, {USA}},
	edition = {First},
	title = {Variable Frequency Drive Systems},
	isbn = {978-1-119-23804-1 978-1-119-23800-3},
	pages = {441-466},
	booktitle = {Energy Production Systems Engineering: An Introduction for Electrical Engineers to Electrical Power Generation Facilities, Systems, and Equipment},
	publisher = {John Wiley \& Sons, Inc.},
	author = {Blair, Thomas H.},
	year = {2017},
	doi = {10.1002/9781119238041.ch18},
}

@misc{scherer_2022_ClassPres,
	location = {North Dakota State University},
	title = {Design of Tile Drainage Pump Stations},
	type = {In-Person},
	howpublished = {In-Person},
	note = {{NDSU} {ABEN}484/684 Class},
	author = {Scherer, T. F.},
	year = {2022},
}

@book{mott2015applied,
  title={Applied Fluid Mechanics},
  author={Mott, Robert L and Untener, Joseph A},
  year={2015},
  publisher={Pearson Higher Ed}
}

@article{barfield1986tipping,
  title={Tipping bucket flow measurements on erosion plots},
  author={Barfield, BJ and Hirschi, MC},
  journal={Trans. {ASAE}},
  volume={29},
  number={6},
  pages={1600-1604},
  year={1986},
  publisher={American Society of Agricultural and Biological Engineers}
}

@incollection{usdi_2001,
	edition = {Revised 3rd},
	title = {Measurements in Pressure Conduits: Trajectory Methods},
	booktitle = {Water Measurement Manual},
	publisher = {U.S. Government Printing Office},
	author = {{U.S. Department of the Interior} and {Bureau of Reclamation}},
	year = {2001},
}

@article{boman2006water,
  title={Water measurement for agricultural irrigation and drainage systems},
  author={Boman, Brian and Shukla, Sanjay},
  journal={EDIS},
  volume={2006},
  number={17},
  year={2006}
}

@misc{erbele_drainge2020,
	title = {Drainge Permitting Definitions},
	publisher = {North Dakota State Engineer},
	author = {{Erbele, P.E.}, Garland},
	year = {2020},
}

@article{lewis1990wetlands,
  title={Wetlands restoration/creation/enhancement terminology: suggestions for standardization},
  author={Lewis, Roy R},
  journal={Wetland Creation and Restoration: The Status of the Science. Island Press, Covelo, California. 1990. p 417-422, 12 ref.},
  year={1990}
}

@article{gwin1999evaluating,
  title={Evaluating the effects of wetland regulation through hydrogeomorphic classification and landscape profiles},
  author={Gwin, Stephanie E and Kentula, Mary E and Shaffer, Paul W},
  journal={Wetlands},
  volume={19},
  number={3},
  pages={477--489},
  year={1999},
  publisher={Springer}
}

@article{odom1984smectite,
  title={Smectite clay minerals: properties and uses},
  author={Odom, IE},
  journal={Philosophical Transactions of the Royal Society of London. Series A, Mathematical and Physical Sciences},
  volume={311},
  number={1517},
  pages={391--409},
  year={1984},
  publisher={The Royal Society London}
}

@article{hay2021frontier,
  title={Frontier: Drainage water recycling in the humid regions of the US: Challenges and opportunities},
  author={Hay, Christopher H and Reinhart, Benjamin D and Frankenberger, Jane R and Helmers, Matthew J and Jia, Xinhua and Nelson, Kelly A and Youssef, Mohamed A},
  journal={Transactions of the ASABE},
  volume={64},
  number={3},
  pages={1095--1102},
  year={2021},
  publisher={American Society of Agricultural and Biological Engineers}
}

@book{bluemle_north_2016,
	title = {North Dakota's Geologic Legacy: Our Land and How It Formed},
	isbn = {978-0-911042-82-5},
	publisher = {North Dakota State University Press},
	author = {Bluemle, John P.},
	year = {2016},
}

@article{lepper2007ages,
  title={Ages for the Big Stone Moraine and the oldest beaches of glacial Lake Agassiz: Implications for deglaciation chronology},
  author={Lepper, Kenneth and Fisher, Timothy G and Hajdas, Irka and Lowell, Thomas V},
  journal={Geology},
  volume={35},
  number={7},
  pages={667--670},
  year={2007},
  publisher={Geological Society of America}
}

@article{klausing1968geology,
  title={{Geology and Groundwater Resources of Cass County, North Dakota: Part 3}},
  author={Klausing, Robert L},
  publisher={United States Geological Survey},
  year={1968}
}

@article{armstrong1968geology,
  title={Geology and Groundwater Resources of Ransom and Sargent Counties, North Dakota: Part 3},
  author={Armstrong, C. A.},
  publisher={United States Geological Survey},
  year={1982}
}

@article{dixon1991roles,
  title={Roles of clays in soils},
  author={Dixon, JB},
  journal={Applied Clay Science},
  volume={5},
  number={5-6},
  pages={489--503},
  year={1991},
  publisher={Elsevier}
}

@incollection{klein_crystal_2007,
	edition = {23rd},
	title = {Crystal Chemistry of Rock-Forming Silicates},
	isbn = {978-0-471-72157-4},
	pages = {456--467},
	booktitle = {Mineral Science},
	publisher = {John Wiley \& Sons, Inc.},
	author = {Klein, C. and Dutrow, B.},
	year = {2007},
}

@online{fouss_beginning_2023,
	title = {The Beginning of Modern Subsurface (Tile) Drainage: 1960-1974 {USDA}-{ARS} Drainage Materials \& Equipment Research "Stories"},
	url = {https://transformingdrainage.org/resources/usda-ars-history/},
	titleaddon = {Transforming Drainage},
	author = {Fouss, James},
	year = {2023},
}

@article{roy_development_2018,
	title = {Development and Comparison of Soil Water Release Curves for Three Soils in the Red River Valley},
	volume = {82},
	issn = {0361-5995, 1435-0661},
	url = {https://onlinelibrary.wiley.com/doi/10.2136/sssaj2017.09.0324},
	doi = {10.2136/sssaj2017.09.0324},
	pages = {568--577},
	number = {3},
	journaltitle = {Soil Sci. Soc. Am. J.},
	shortjournal = {Soil Sci. Soc. Am. J.},
	author = {Roy, Debjit and Jia, Xinhua and Steele, Dean D. and Lin, Dongqing},
	urldate = {2023-02-01},
	year = {2018},
	langid = {english},
}

@article{lynn2002soil,
  title={Soil minerals, their geographic distribution, and soil taxonomy},
  author={Lynn, Warren C and Ahrens, Robert J and Smith, Adrian L},
  journal={Soil mineralogy with environmental applications},
  volume={7},
  pages={691--709},
  year={2002},
  publisher={Wiley Online Library}
}

@article{brevik2013soil,
  title={Soil maps of the United States of America},
  author={Brevik, Eric C and Hartemink, Alfred E},
  journal={Soil Science Society of America Journal},
  volume={77},
  number={4},
  pages={1117--1132},
  year={2013},
  publisher={Wiley Online Library}
}

@article{ravsic2021simplified,
  title={Simplified indirect estimation of pump flow discharge: an example from Serbia},
  author={Ra{\v{s}}i{\'c} Amon, Milica and Radi{\'c}, Milan and Staji{\'c}, Zoran and Brki{\'c}, Dejan and Praks, Pavel},
  journal={Water},
  volume={13},
  number={6},
  pages={796},
  year={2021},
  publisher={MDPI}
}

@article{zimmer2023land,
  title={Land drainage functioning and hydrological impacts in rural catchments: model development and field experiments},
  author={Zimmer, Daniel and Tournebize, Julien and Bouarfa, Sami and Kao, Cyril and Lesaffre, Beno{\^\i}t},
  journal={Comptes Rendus. G{\'e}oscience},
  volume={355},
  number={S1},
  pages={1--19},
  year={2023}
}

@book{faure1997principles,
  title={Principles and Applications of Geochemistry},
  author={Faure, Gunter},
  edition={2},
  year={1997},
  publisher={Prentice Hall Upper Saddle River, NJ}
}

@article{roy2020infiltration,
  title={Infiltration into frozen silty clay loam soil with different soil water contents in the red river of the north basin in the USA},
  author={Roy, Debjit and Jia, Xinhua and Steele, Dean D and Chu, Xuefeng and Lin, Zhulu},
  journal={Water},
  volume={12},
  number={2},
  pages={321},
  year={2020},
  publisher={MDPI}
}


@book{hillel_envsoilphys_1998,
    title={Environmental Soil Physics}, 
    author={Hillel, Daniel},
    edition={1},
    year={1998},
    publisher={Academic Press},
}

@book{waller_yitayew_2016,
    title={Irrigation and Drainage Engineering},
    author={Waller, Peter and Yitayew, Muluneh},
    year={2015},
    publisher={Springer Cham},
}


@incollection{lowell1999role,
	title = {Role of climate oscillations in determining ice-margin position: hypothesis, examples, and implications},
	isbn = {9780813723372},
	pages = {193-203},
	booktitle = {Glacial Processes Past and Present: {Geological Society of America Special Paper 337}},
	publisher = {Geological Society of America},
	author = {Lowell, Thomas V and Hayward, Rosalyn K and Denton, George H},
	editor = {Mickelson, D.M. and Attig, J.W.},
	year = {1999},
	doi = {10.1130/SPE337},
}

@article{bartels2020trends,
  title={Trends in precipitation days in the United States},
  author={Bartels, Rudy J and Black, Alan W and Keim, Barry D},
  journal={International Journal of Climatology},
  volume={40},
  number={2},
  pages={1038--1048},
  year={2019},
  publisher={Wiley Online Library}
}

@incollection{epa_climatereport2022,
    title = {Water},
    booktitle = {Climate Change 2022: Impacts, Adaptation, and Vulnerability},
    author = {Caretta, M.A. and Mukherji, A. and Betts, R.A. and Gelfan, A. and Hirabayashi, Y. and Lissner, T.K. and Liu, J. and Lopez Gunn, E. and Morgan, R. and Mwanga, S. and Supratid, S.},
    publisher= {{Cambridge University Press}},
    place = {Cambridge, UK and New York, NY, USA},
    pages = {551-712},
    doi = {10.1017/9781009325844.006},
    year = {2022},
}

@phdthesis{zimmerman2016exploration,
  title={Exploration of ion species in agricultural subsurface drainage waters},
  author={Zimmerman, Brett Andrew},
  year={2016},
  school={Iowa State University}
}

@article{warsta2013modelling,
  title={Modelling soil erosion in a clayey, subsurface-drained agricultural field with a three-dimensional FLUSH model},
  author={Warsta, Lassi and Taskinen, Antti and Koivusalo, Harri and Paasonen-Kivek{\"a}s, Maija and Karvonen, Tuomo},
  journal={Journal of hydrology},
  volume={498},
  pages={132--143},
  year={2013},
  publisher={Elsevier}
}

@article{nazari2022impact,
  title={Impact of flow pathway and source water connectivity on subsurface sediment and particulate phosphorus dynamics in tile-drained agroecosystems},
  author={Nazari, Saeid and Ford, William I and King, Kevin W},
  journal={Agricultural Water Management},
  volume={269},
  pages={107641},
  year={2022},
  publisher={Elsevier}
}

@article{gramlich2018effects,
  title={Effects of artificial land drainage on hydrology, nutrient and pesticide fluxes from agricultural fields--A review},
  author={Gramlich, Anja and Stoll, Sebastian and Stamm, Christian and Walter, Thomas and Prasuhn, Volker},
  journal={Agriculture, Ecosystems \& Environment},
  volume={266},
  pages={84--99},
  year={2018},
  publisher={Elsevier}
}


@misc{jackson1987glossary,
  title={Glossary of Geology},
  edition={4th},
  author={Jackson, JA},
  editor={Jackson, JA},
  journal={American Geological Institute.},
  year={1987},
  publisher={Alexandria Virginia}
}

@article{skaggs1994hydrologic,
  title={Hydrologic and water quality impacts of agricultural drainage*},
  author={Skaggs, R Wayne and Breve, MA and Gilliam, JW},
  journal={Critical reviews in environmental science and technology},
  volume={24},
  number={1},
  pages={1--32},
  year={1994},
  publisher={Taylor \& Francis}
}

@article{robinson1999impact,
  title={The impact of drainage on streamflow},
  author={Robinson, M and Rycroft, DW},
  journal={Agricultural drainage},
  volume={38},
  pages={767--800},
  year={1999},
  publisher={Wiley Online Library}
}


@article{hansen2000snowmelt,
  title={Snowmelt runoff, sediment, and phosphorus losses under three different tillage systems},
  author={Hansen, NC and Gupta, Satish C and Moncrief, JF},
  journal={Soil and tillage research},
  volume={57},
  number={1-2},
  pages={93--100},
  year={2000},
  publisher={Elsevier}
}


@article{istok1983effect,
  title={Effect of subsurface drainage on runoff and sediment yield from an agricultural watershed in western Oregon, USA},
  author={Istok, JD and Kling, GF},
  journal={Journal of Hydrology},
  volume={65},
  number={4},
  pages={279--291},
  year={1983},
  publisher={Elsevier}
}

@incollection{kirkham2014chapter,
	location = {Boston, {MA}, {USA}},
	edition = {2nd},
	title = {Water Terminology and Applications},
	pages = {41-52},
	booktitle = {Principles of Soil and Plant Water Relations},
	publisher = {Academic Press},
	author = {Kirkham, MB},
        doi = {10.1016/C2013-0-12871-1},
        isbn = {978-0-12-420022-7},
	year = {2014}
}

@article{akay2008numerical,
  title={Numerical simulation of flow dynamics during macropore --- subsurface drain interactions using HYDRUS},
  author={Akay, Onur and Fox, Garey A and {\v S}m{\" o}nek, Jirka},
  journal={Vadose Zone Journal},
  volume={7},
  number={3},
  pages={909--918},
  year={2008},
  publisher={Soil Science Society of America}
}

@book{fetter_appliedhydro_2001,
    title={Applied Hydrogeology},
    author={Fetter, C.W.},
    year={2001},
    publisher={Prentice Hall},
    place={Upper Saddle River, NJ},
    edition={2nd}
}

@misc{sands2018,
	title = {How Agricultural Drainage Works},
	author = {Sands, G.R.},
        publisher={University of Minnesota Extension},
	year = {2018},
        url = {https://extension.umn.edu/agricultural-drainage/how-agricultural-drainage-works}
 }

 @article{abdeldayem2005agricultural,
  title={Agricultural drainage: Towards an integrated approach},
  author={Abdeldayem, Safwat and Hoevenaars, Jan and Mollinga, Peter P and Scheumann, Waltina and Slootweg, Roel and Steenbergen, Frank Van},
  journal={Irrigation and Drainage Systems},
  volume={19},
  pages={71--87},
  year={2005},
  publisher={Springer}
}

@article{minnes2020transforming,
  title={Transforming conflict over natural resources: A socio-ecological systems analysis of agricultural drainage},
  author={Minnes, Sarah and Gaspard, Valencia and Loring, Philip A and Baulch, Helen and Breen, Sarah-Patricia},
  journal={Facets},
  volume={5},
  number={1},
  pages={864--886},
  year={2020},
  publisher={Canadian Science Publishing 1840 Woodward Drive, Suite 1, Ottawa, ON K2C 0P7}
}

@data{T8/NQV2CU_2019,
author = {Martindale, Rowan C. and Weiss, Anna M.},
publisher = {Texas Data Repository},
title = {{``Taphonomy: Dead and Fossilized'' board game. Most recent game version (print and play)}},
year = {2019},
version = {V6},
doi = {10.18738/T8/NQV2CU},
url = {https://doi.org/10.18738/T8/NQV2CU}
}

@article{classroom2003vfd,
  title={{VFD} {F}undamentals},
  author={{Kilowatt Classroom}},
  journal={Kilowatt Classroom, LLC},
  pages={5},
  year={2003}
}

@article{germer2015determination,
  title={Determination of anisotropic saturated hydraulic conductivity of a macroporous slope soil},
  author={Germer, Kai and Braun, J{\"u}rgen},
  journal={Soil Science Society of America Journal},
  volume={79},
  number={6},
  pages={1528--1536},
  year={2015},
  publisher={Wiley Online Library}
}

@article{lee1985comparison,
  title={A comparison of three field methods for measuring saturated hydraulic conductivity},
  author={Lee, DM and Elrick, DE and Reynolds, WD and Clothier, BE},
  journal={Canadian journal of soil science},
  volume={65},
  number={3},
  pages={563--573},
  year={1985},
  publisher={NRC Research Press Ottawa, Canada}
}

@article{askar2020drainmod,
  title={DRAINMOD Simulation of macropore flow at subsurface drained agricultural fields: Model modification and field testing},
  author={Askar, Manal H and Youssef, Mohamed A and Chescheir, George M and Negm, Lamyaa M and King, Kevin W and Hesterberg, Dean L and Amoozegar, Aziz and Skaggs, R Wayne},
  journal={Agricultural Water Management},
  volume={242},
  pages={106401},
  year={2020},
  publisher={Elsevier}
}

@article{clayton1982chronology,
  title={Chronology of late Wisconsinan glaciation in middle North America},
  author={Clayton, Lee and Moran, Stephen R},
  journal={Quaternary Science Reviews},
  volume={1},
  number={1},
  pages={55--82},
  year={1982},
  publisher={Elsevier}
}

@article{aharon2003meltwater,
  title={Meltwater flooding events in the Gulf of Mexico revisited: Implications for rapid climate changes during the last deglaciation},
  author={Aharon, Paul},
  journal={Paleoceanography},
  volume={18},
  number={4},
  year={2003},
  publisher={Wiley Online Library}
}

@article{broecker1989routing,
  title={Routing of meltwater from the Laurentide Ice Sheet during the Younger Dryas cold episode},
  author={Broecker, Wallace S and Kennett, James P and Flower, Benjamin P and Teller, James T and Trumbore, Sue and Bonani, Georges and Wolfli, Willy},
  journal={Nature},
  volume={341},
  number={6240},
  pages={318--321},
  year={1989},
  publisher={Nature Publishing Group UK London}
}

@article{fisher2005strandline,
  title={Strandline analysis in the southern basin of glacial Lake Agassiz, Minnesota and North and South Dakota, USA},
  author={Fisher, Timothy G},
  journal={Geological Society of America Bulletin},
  volume={117},
  number={11-12},
  pages={1481--1496},
  year={2005},
  publisher={Geological Society of America}
}

@article{lepper2013chronology,
  title={A chronology for glacial Lake Agassiz shorelines along Upham's namesake transect},
  author={Lepper, Kenneth and Buell, Alex W and Fisher, Timothy G and Lowell, Thomas V},
  journal={Quaternary Research},
  volume={80},
  number={1},
  pages={88--98},
  year={2013},
  publisher={Cambridge University Press}
}

@article{mcmillan2012origin,
  title={Origin of the Herman--Norcross--Tintah sequence of Lake Agassiz beaches in Manitoba, Canada},
  author={McMillan, Kyle and Teller, James T},
  journal={Geomorphology},
  volume={151},
  pages={77--88},
  year={2012},
  publisher={Elsevier}
}

@misc{epa_wetlands_2022,
    title={Wetlands Restoration Definitions and Distinctions},
    author={{EPA}},
    year={2022},
    publisher={Environmental Protection Agency (EPA)},
    url={https://www.epa.gov/wetlands/wetlands-restoration-definitions-and-distinctions},  
}

@misc{lepper2011age,
  title={Age determinations for glacial Lake Agassiz shorelines west of Fargo, North Dakota, USA},
  author={Lepper, Kenneth and Gorz, Kelly L and Fisher, Timothy G and Lowell, Thomas V},
  year={2011},
  publisher={NRC Research Press}
}

@article{ashworth1999climate,
  title={Climate change in North Dakota since the last glaciation --- review of the paleontological record},
  author={Ashworth, AC},
  journal={Proceedings of the North Dakota Academy of Science},
  volume={53},
  pages={171--176},
  year={1999}
}

@article{teller2021comments,
  title={Comments on ``Assessing the ages of the Moorhead and Emerson phases of glacial Lake Agassiz and their temporal connection to the Younger Dryas cold reversal'' by Joseph M. Young, Alberto V. Reyes, and Duane G. Froese},
  author={Teller, James T},
  journal={Quaternary Science Reviews},
  volume={256},
  pages={106836},
  year={2021},
  publisher={Elsevier}
}

@article{colman2020moraines,
  title={Moraines and late-glacial stratigraphy in central Lake Superior},
  author={Colman, Steven M and Breckenridge, Andy and Zoet, Lucas K and Wattrus, Nigel J and Johnson, Thomas C},
  journal={Quaternary Research},
  volume={98},
  pages={19--35},
  year={2020},
  publisher={Cambridge University Press}
}

@article{chen2021effects,
  title={Effects of elevated sulfate in eutrophic waters on the internal phosphate release under oxic conditions across the sediment-water interface},
  author={Chen, Jun and Zhang, Honggang and Liu, Lixuan and Zhang, Jing and Cooper, Mick and Mortimer, Robert and Pan, Gang},
  journal={Science of the Total Environment},
  volume={790},
  pages={148010},
  year={2021},
  publisher={Elsevier}
}

@misc{usgs_nutrients_eutrophic,
    title={Nutrients and Eutrophication},
    author={{Water Resources Mission Area}},
    year={2019},
    publisher={United States Geological Survey (USGS)},
    url={https://www.usgs.gov/mission-areas/water-resources/science/nutrients-and-eutrophication},  
}

@article{keller1986mineralogy,
  title={Mineralogy and stability of soil evaporites in North Dakota},
  author={Keller, LP and McCarthy, GJ and Richardson, JL},
  journal={Soil Science Society of America Journal},
  volume={50},
  number={4},
  pages={1069--1071},
  year={1986},
  publisher={Wiley Online Library}
}

@article{seelig2000salinity,
  title={Salinity and sodicity in North Dakota soils},
  author={Seelig, Bruce},
  year={2000},
  publisher={North Dakota State University}
}

@article{franzen2003managing,
  title={Managing saline soils in North Dakota},
  author={Franzen, Dave},
  year={2003},
  publisher={North Dakota State University}
}

@article{zimmerman2017dissolved,
  title={Dissolved constituents in agricultural drainage waters},
  author={Zimmerman, Brett A and Kaleita, Amy L},
  journal={Transactions of the ASABE},
  volume={60},
  number={3},
  pages={847--859},
  year={2017},
  publisher={American Society of Agricultural and Biological Engineers}
}

@article{almen2021impact,
  title={Impact of controlled drainage and subirrigation on water quality in the Red River Valley},
  author={Almen, Kristen and Jia, Xinhua and DeSutter, Thomas and Scherer, Thomas and Lin, Minglian},
  journal={Water},
  volume={13},
  number={3},
  pages={308},
  year={2021},
  publisher={MDPI}
}

@misc{turn-down_ratio,
    title={What Is Turndown Ratio in Flow Meters},
    author={{KimGuo11}},
    year={2023},
    publisher={Sino-Inst},
    url={https://www.drurylandetheatre.com/what-is-turndown-ratio-in-flow-meters/#:~:text=In\%20flow\%20measurement\%2C\%20the\%20turndown\%20ratio\%20indicates\%20the,a\%20flow\%20meter\%20technology\%20for\%20a\%20specific\%20application.},  
}

@misc{panametrics_flowmeter_datasheet,
	title = {Transport {PT}868 Flowmeter Options and Specifications},
	publisher = {Panametrics, Inc.},
	author = {{Panametrics, Inc.}},
	year = {2001},
	file = {Panametrics_PT868R_DataSheet.PDF:C\:\\Users\\emily\\Zotero\\storage\\S8LQRHWG\\Panametrics_PT868R_DataSheet.PDF:application/pdf},
}

@misc{panametrics_flowmeter_manual,
	title = {Transport {PT}868 Portable Liquid Flowmeter},
	publisher = {Advanced Test Equipment Rentals},
	author = {{Panametrics, Inc.}},
	year = {2001},
	file = {FlowmeterManual.pdf:C\:\\Users\\emily\\Zotero\\storage\\AWIZ8JP6\\FlowmeterManual.pdf:application/pdf},
}

@book{schaetzl2015soils,
  title={Soils Genesis and Geomorphology},
  author={Schaetzl, Randall J and Thompson, Michael L},
  year={2015},
  edition={2nd},
  publisher={Cambridge University Press}
}

@article{franzen2019sodicity,
  title={Sodicity and remediation of sodic soils in North Dakota},
  author={Franzen, Dave and Kalwar, Naeem and Wick, Abbey and DeSutter, Tom},
  journal={North Dakota State University Extension Publication F},
  volume={1941},
  year={2019}
}

@inproceedings{azam2016hybrid,
  title={Hybrid water pump system for hilly agricultural site},
  author={Azam, MF Mohd and Rosman, SH and Mustaffa, M and Mullisi, SM Subra and Wahy, H and Jusoh, MH and Ali, MI Md},
  booktitle={2016 7th IEEE Control and System Graduate Research Colloquium (ICSGRC)},
  pages={109--114},
  year={2016},
  organization={IEEE}
}

@misc{zak_siphon_2021,
    title={The physics of how a siphon works: pressure as a function of depth at the moment the siphon starts [Video]},
    author={{Zak's Lab}},
    year={2021},
    publisher={YouTube},
    url={https://www.youtube.com/watch?v=ofoR4Sgk1b8&list=PLzDj0QCRa1OkZMEeldVpu_93qhdxafr0p&index=1},  
}

@article{zhang2022improved,
  title={Improved Calculation Method for Siphon Drainage with Extended Horizontal Sections},
  author={Zhang, Yingqiu and Shang, Yuequan and Sun, Hongyue},
  journal={Applied Sciences},
  volume={12},
  number={19},
  pages={9660},
  year={2022},
  publisher={MDPI}
}

@article{wyffels2023influences,
  title={Influences of increasing levels of sulfate in drinking water on the intake and use of low-quality forages by beef cattle},
  author={Wyffels, Samuel A and Van Emon, Megan L and Nack, Makae F and Manoukian, Marley K and Carlisle, Tanner J and Davis, Noah G and Kluth, Janessa A and DelCurto-Wyffels, Hannah M and DelCurto, Timothy},
  journal={Applied Animal Science},
  volume={39},
  number={1},
  pages={23--31},
  year={2023},
  publisher={Elsevier}
}

@article{bagley1997analysis,
  title={Analysis of water quality for livestock},
  author={Bagley, Clell V and Amacher, Janice Kotuby and Poe, Kitt Farrell},
  journal={AH/Beef},
  volume={28},
  pages={1},
  year={1997},
  publisher={Utah State University Extension}
}

@article{carson2000current,
  title={Current knowledge of water quality and safety for livestock},
  author={Carson, Thomas L},
  journal={Veterinary Clinics of North America: Food Animal Practice},
  volume={16},
  number={3},
  pages={455--464},
  year={2000},
  publisher={Elsevier}
}

@article{backer2000assessing,
  title={Assessing the acute gastrointestinal effects of ingesting naturally occurring, high levels of sulfate in drinking water},
  author={Backer, Lorraine C},
  journal={Critical reviews in clinical laboratory sciences},
  volume={37},
  number={4},
  pages={389--400},
  year={2000},
  publisher={Taylor \& Francis}
}

@misc{national2016nutrient,
  title={Nutrient requirements of beef cattle},
  author={NAS},
  howpublished={National Academies of Sciences, Engineering, and Medicine and others},
  year={2016},
  publisher={National Academies Press}
}

@article{kirste2019determination,
  title={Determination of the soil water retention curve around the wilting point: optimized protocol for the dewpoint method},
  author={Kirste, Bj{\"o}rn and Iden, Sascha C and Durner, W},
  journal={Soil Science Society of America Journal},
  volume={83},
  number={2},
  pages={288--299},
  year={2019},
  publisher={Wiley Online Library}
}

@misc{wss_2023,
    title={Web Soil Survey},
    author={{Soil Survey Staff, NRCS, USDA}},
    year={2021},
    publisher={USDDA},
    url={https://websoilsurvey.nrcs.usda.gov/app/WebSoilSurvey.aspx}, 
    note={accessed [05/18/2023]},
}

@article{shokrana2020measurement,
  title={Measurement of soil water characteristic curve using HYPROP2},
  author={Shokrana, Md Sami Bin and Ghane, Ehsan},
  journal={MethodsX},
  volume={7},
  pages={100840},
  year={2020},
  publisher={Elsevier}
}

@article{fuentes2009relationship,
  title={Relationship between the storage coefficient and the soil-water retention curve in subsurface agricultural drainage systems: Water table drawdown},
  author={Fuentes, Carlos and Zavala, Manuel and Saucedo, Heber},
  journal={Journal of irrigation and drainage engineering},
  volume={135},
  number={3},
  pages={279--285},
  year={2009},
  publisher={American Society of Civil Engineers}
}

@article{nabi2012evaluation,
  title={Evaluation of different methods for the determination of saturated hydraulic conductivity for simulation of water table depth and drainage discharge using the DRAINMOD computer simulation model},
  author={Nabi-Sichani, Nahid and Sepaskhah, Ali Reza},
  journal={Archives of Agronomy and Soil Science},
  volume={58},
  number={8},
  pages={887--901},
  year={2012},
  publisher={Taylor \& Francis}
}

@inproceedings{roy2015measurement,
  title={Measurement and simulation of infiltration rates into undrained and subsurface drained soils},
  author={Roy, Debjit and Jia, Xinhua and Steele, Dean D and Chu, Xuefeng},
  booktitle={2015 ASABE Annual International Meeting},
  pages={1},
  year={2015},
  organization={American Society of Agricultural and Biological Engineers}
}

@article{feyereisen2002low,
  title={A low head, low power system for continuous flow measurement},
  author={Feyereisen, Gary W and Sands, Gary R and Hansen, Bradley J},
  journal={Applied Engineering in Agriculture},
  volume={18},
  number={3},
  pages={307},
  year={2002},
  publisher={American Society of Agricultural and Biological Engineers}
}

@article{workman2001monitoring,
  title={Monitoring subsurface drainage flow at remote locations},
  author={Workman, Stephen R and Higgins, Stephen F and Shearer, Scott A},
  journal={Applied Engineering in Agriculture},
  volume={17},
  number={6},
  pages={783},
  year={2001},
  publisher={American Society of Agricultural and Biological Engineers}
}

@article{shokrana2021empirical,
  title={An Empirical V-notch Weir equation and standard procedure to accurately estimate drainage discharge},
  author={Shokrana, Md Sami Bin and Ghane, Ehsan},
  journal={Applied Engineering in Agriculture},
  volume={37},
  number={6},
  pages={1097--1105},
  year={2021},
  publisher={American Society of Agricultural and Biological Engineers}
}

@article{chun2008calibrating,
  title={Calibrating Agridrain water level control structures using generalized weir and orifice equations},
  author={Chun, Jong Ahn and Cooke, Richard A},
  journal={Applied Engineering in Agriculture},
  volume={24},
  number={5},
  pages={595--602},
  year={2008},
  publisher={American Society of Agricultural and Biological Engineers}
}

@article{bakhsh2004spatio,
  title={Spatio-temporal analysis of subsurface drainage flow volumes},
  author={Bakhsh, Allah and Kanwar, Ramesh S},
  journal={Transactions of the ASAE},
  volume={47},
  number={5},
  pages={1427},
  year={2004},
  publisher={American Society of Agricultural and Biological Engineers}
}

@inproceedings{leonow2013soft,
  title={Soft sensor based dynamic flow rate estimation in low speed radial pumps},
  author={Leonow, Sebastian and M{\"o}nnigmann, Martin},
  booktitle={2013 European Control Conference (ECC)},
  pages={778--783},
  year={2013},
  organization={IEEE}
}

@inproceedings{leishear2018water,
  title={Water Hammer and Piping Stresses},
  author={Leishear, Robert and others},
  booktitle={Proceedings of the 34th International Pump Users Symposium},
  year={2018},
  organization={Turbomachinery Laboratory, Texas A\&M Engineering Experiment Station}
}

@article{de2022experimentally,
  title={Experimentally determined effect of swirl on the performance of a rotodynamic pump},
  author={De Fockert, Anton and Verhaart, Femke IH and Ferdos, Farzad},
  journal={Journal of Hydraulic Research},
  volume={60},
  number={3},
  pages={434--444},
  year={2022},
  publisher={Taylor \& Francis}
}

@article{zhang2021numerical,
  title={Numerical simulation of transient characteristics of start-up transition process of large vertical siphon axial flow pump station},
  author={Zhang, Xiaowen and Tang, Fangping and Liu, Chao and Shi, Lijian and Liu, Haiyu and Sun, Zhuangzhuang and Hu, Wenzhu},
  journal={Frontiers in Energy Research},
  volume={9},
  pages={706975},
  year={2021},
  publisher={Frontiers Media SA}
}

@article{tong2022numerical,
  title={Numerical Modeling of the hydrodynamic performance of slanted axial-flow urban drainage pumps at shut-off condition},
  author={Tong, Zheming and Yang, Zhongqin and Huang, Qing and Yao, Qiang},
  journal={Energies},
  volume={15},
  number={5},
  pages={1905},
  year={2022},
  publisher={MDPI}
}

@article{chen2023air,
  title={Air Pocket Removal during Siphon Priming},
  author={Chen, Yaohui and Feng, Jiangang and Zhu, David and Xu, Hui and Qian, Shangtuo},
  journal={Journal of Hydraulic Engineering},
  volume={149},
  number={7},
  pages={04023017},
  year={2023},
  publisher={American Society of Civil Engineers}
}

@article{lyu2022study,
  title={Study on water hammer protection of the siphon breaking structure in the water supply system},
  author={Lyu, Jiawen and Zhang, Jian and Wang, Tengyue},
  journal={AQUA - Water Infrastructure, Ecosystems and Society},
  volume={71},
  number={3},
  pages={478--489},
  year={2022},
  publisher={IWA Publishing}
}

@article{ge2022review,
  title={Review of Research on the Three-Dimensional Transition Process of Large-Scale Low-Lift Pump},
  author={Ge, Xinfeng and Zhang, Jing and Zhang, Jian and Liu, Demin and Zheng, Yuan and Chen, Huixiang},
  journal={Energies},
  volume={15},
  number={22},
  pages={8338},
  year={2022},
  publisher={MDPI}
}

@misc{NDAC_2021_22,
author = {{NDAC-Water Quality}},
title = {{``Standards of Quality for Waters of the State''; N.D. Administrative Code {\S} 33.1-16-02.1}},
year = {2021},
howpublished = {ND Administrative Code Chapter 33.1, Section 16: Updated codes and legislation from 2021. URL: https://www.ndlegis.gov/information/acdata/pdf/33.1-16-02.1.pdf }
}

@inproceedings{bhase2015energy,
  title={Energy conservation using VFD},
  author={Bhase, Prasad and Lathkar, Mahesh},
  booktitle={2015 International Conference on Energy Systems and Applications},
  pages={531--536},
  year={2015},
  organization={IEEE}
}

@inproceedings{naveenkumar2015design,
  title={Design and implementation of a variable frequency drive for single-phase induction motor},
  author={Naveenkumar, M and Munjal, Ankita and Srinivasan, Sharanya and Prasad, Dinkar},
  booktitle={2015 IEEE International WIE Conference on Electrical and Computer Engineering (WIECON-ECE)},
  pages={239--242},
  year={2015},
  organization={IEEE}
}

@misc{ellingsonapp,
    title={Ellingson App [Online Application]},
    author={{Ellingson Companies}},
    year={2021},
    publisher={Ellingson Companies},
    url={https://ellingson.app/about-ellingson/?_gl=1*24tof6*_up*MQ..*_ga*MjAxMTk1NzM4NS4xNjg2MDYyMTEw*_ga_JEXYYLGNYD*MTY4NjA2MjEwOS4xLjAuMTY4NjA2MjEwOS4wLjAuMA},  
}