@incollection{acker2002hidden,
  title={The hidden curriculum of dissertation advising},
  author={Acker, Sandra},
  booktitle={The hidden curriculum in higher education},
  pages={71--88},
  year={2002},
  publisher={Routledge}
}

@article{blanton1983midwifing,
  title={Midwifing the dissertation},
  author={Blanton, Judith S},
  journal={Teaching of Psychology},
  volume={10},
  number={2},
  pages={74--77},
  year={1983},
  publisher={Taylor \& Francis}
}

@book{borden2006dissertation,
  title={The dissertation},
  author={Borden, Iain},
  year={2006},
  publisher={Routledge}
}

@book{butin2009education,
  title={The education dissertation: {A} guide for practitioner scholars},
  author={Butin, Dan W},
  year={2009},
  publisher={Corwin Press}
}

@article{cassuto2010advising,
  title={Advising the struggling dissertation student},
  author={Cassuto, Leonard},
  journal={TheChronicle of Higher Education},
  volume={57},
  number={17},
  pages={51--53},
  year={2010}
}

@misc{gajani2014, 
title={12 most famous {Phd} theses in history},
author={Gajani, A},
month={April},
year={2014},
howpublished={Mr. Geek.me Web-blog},
note={URL: \url{http://www.mrgeek.me/lists/12-most-famous-phd-theses-in-history/}} 
}

@misc{onlinephd2022, 
title={60 {Famous Ph.D. Theses in History}},
author={\mbox{Online~PhD~Degrees}},
month={March},
year={2022},
howpublished={Online PhD Degrees (n.d.) Web-blog},
note={URL: \url{https://www.online-phd-degrees.com/famous-ph-d-theses-history/}} 
}

@book{roberts2010dissertation,
  title={The dissertation journey: {A} practical and comprehensive guide to planning, writing, and defending your dissertation},
  author={Roberts, Carol M},
  year={2010},
  publisher={Corwin Press}
}

@article{roediger2004great,
  title={Great dissertations: {M}ark {I}},
  author={Roediger III, Henry L},
  journal={APS Observer},
  volume={17},
  number={10},
  year={2004}
}

@book{rudestam2014surviving,
  title={Surviving your dissertation: {A} comprehensive guide to content and process},
  author={Rudestam, Kjell Erik and Newton, Rae R},
  year={2014},
  publisher={Sage publications}
}

%%%%%%%%%%%%%%%%%%%%%%%%%%%%%

@book{texbook,
  author = {Donald E. Knuth},
  year = {1986},
  title = {The \TeX{} Book},
  publisher = {Addison-Wesley Professional}
}

@book{lcompanion,
  author = {Frank Mittelbach and Michel Gossens
            and Johannes Braams and David Carlisle
            and Chris Rowley},
  year = {2004},
  title = {The \LaTeX{} Companion},
  publisher = {Addison-Wesley Professional},
  edition = {2}
}

@book{latex2e,
  author = {Leslie Lamport},
  year = {1994},
  title = {\LaTeX: a Document Preparation System},
  publisher = {Addison Wesley},
  address = {Massachusetts},
  edition = {2}
}

@article{knuth1984,
  title={Literate Programming},
  author={Donald E. Knuth},
  journal={The Computer Journal},
  volume={27},
  number={2},
  pages={97--111},
  year={1984},
  publisher={Oxford University Press}
}

@inproceedings{lesk1977,
  title={Computer Typesetting of Technical Journals on {UNIX}},
  author={Michael Lesk and Brian Kernighan},
  booktitle={Proceedings of American Federation of
             Information Processing Societies: 1977
             National Computer Conference},
  pages={879--888},
  year={1977},
  address={Dallas, Texas}
}

@misc{amsthm2017,
title={Using the \texttt{amsthm} {P}ackage},
author={AMS},
month={September},
year={2017},
howpublished={Version 2.20.3, Publications Technical Group, American Mathematical Society},
note={Documentation URL: \url{http://www.ams.org/arc/tex/amscls/amsthdoc.pdf}} 
}

@phdthesis{calvo2004using,
  title={USING THE NDSU THESIS DOCUMENT CLASS FOR LATEX},
  author={Calvo, Jorge Alberto},
  year={2004},
  school={North Dakota State University},
  note={\url{https://www.ndsu.edu/fileadmin/math/Home_Page/Resources/Tex_and_LaTeX/LaTeX_Document_Class_for_NDSU_Disquisitions/mythesis.pdf}}
}

@inproceedings{cannayen2011latex,
  title={{LaTeX} for {Agricultural and Biological Engineers}},
  author={Igathinathane, Cannayen},
  booktitle={2011 Louisville, Kentucky, August 7-10, 2011},
  pages={1},
  year={2011},
  note={\url{https://elibrary.asabe.org/abstract.asp?aid=38487}},
  organization={American Society of Agricultural and Biological Engineers}
}

@book{kopka2004guide,
  title={A Guide to \LaTeX\ and Electronic Publishing},
  author={Kopka, H and Daly, PW},
  year={2004},
  publisher={Addison-Wesley},
  note={\url{https://www.math.ucdavis.edu/~tracy/courses/math129/Guide_To_LaTeX.pdf}},
  edition={{F}ourth}
}

@book{notso2021,
title = {{The Not So Short Introduction} to LaTeX2e},
author={Oetiker, Tobias and Partl, Hubert and Hyna, Irene and Schlegl, Elisabeth},
note={\url{http://tug.ctan.org/info/lshort/english/lshort.pdf}},
year = {2021}
}

@article{pires2021teens,
  title={What are teens doing with YouTube? Practices, uses and metaphors of the most popular audio-visual platform},
  author={Pires, Fernanda and Masanet, Maria-Jose and Scolari, Carlos A},
  journal={Information, Communication \& Society},
  volume={24},
  number={9},
  pages={1175--1191},
  year={2021},
  publisher={Taylor \& Francis}
}